4486 5908
418 418 465 468 ns
492 417 635 468 rrroms
662 419 701 466 m
727 415 880 470 ereccon
906 416 1167 483 surrourrsrrs
1195 419 1424 469 courosrrm.
1462 399 1576 468 n.32.
1768 395 1816 474 79

178 597 244 699 (oi.
273 595 397 674 Strab.
425 595 535 674 xm.
561 598 703 701 puts.
737 592 798 672 ed.
826 593 941 672 Paris.
977 597 1120 696 1587.).
1181 597 1226 672 In
1256 596 1367 673 titulo
1397 597 1529 674 lonico
1562 599 1670 675 erasis
1707 599 1816 707 (τούρ-

177 712 373 832 μικριίτιοι)
398 720 524 799 Ionica
552 735 621 814 est3
649 717 749 796 unde
777 723 815 796 Τ
840 745 912 824 pro
940 724 987 796 Θ.
1028 719 1149 797 Ροιιο
1175 723 1215 796 in
1236 721 1411 798 interiore
1428 725 1532 798 rs.6.
1554 722 1729 811 Σιγευεῦσι
1745 749 1816 826 pro

178 837 347 936 Σιγειιῦσι
377 843 475 920 haud
507 843 619 922 dubie
651 841 831 948 lapicidae
861 842 1117 948 imputandum
1145 860 1212 920 est.
1266 843 1372 922 Idem
1397 871 1534 922 nomeu
1560 850 1599 920 in
1625 850 1816 950 superiore

177 971 290 1048 titulo
320 973 452 1047 uitium
480 971 673 1062 contraxit,
708 970 775 1042 ubi
806 969 996 1053 Συκεεῦσιν,
1023 973 1062 1044 in
1089 994 1165 1072 quo
1193 967 1295 1072 quod
1323 998 1345 1044 κ
1371 985 1438 1066 cst,
1473 969 1511 1045 id
1538 997 1615 1046 non
1641 997 1726 1049 casu
1751 969 1816 1048 sed

179 1094 337 1172 consilio
362 1119 407 1170 ex
431 1092 571 1195 vulgari
597 1109 635 1168 et
660 1092 806 1196 plebeii
834 1091 993 1168 dialecto
1020 1093 1163 1170 illatum
1181 1097 1387 1198 strspicatur
1404 1092 1627 1170 Boeclrhius.
1668 1093 1817 1170 Deinde

179 1223 218 1294 in
245 1219 420 1293 inferiore
444 1216 554 1292 titulo
581 1216 699 1291 forma
728 1218 959 1297 ΕΠΟΕΙὶΕΝ
986 1234 1028 1293 ut
1054 1218 1230 1292 Boeotica
1258 1217 1322 1316 (cl.
1345 1217 1437 1291 insra
1456 1219 1587 1318 mil.)
1609 1219 1732 1295 locum
1752 1218 1815 1294 ha-

91 1405 95 1414 ,
180 1345 270 1420 bere
297 1369 373 1417 nou
399 1356 535 1446 potest.
578 1337 727 1416 Scilicet
754 1338 1005 1444 quadratarius
1033 1346 1177 1436 erravit,
1209 1345 1273 1448 qui
1299 1367 1369 1447 pro
1398 1344 1631 1422 EPOlEffiN
1659 1343 1816 1418 sormam

180 1467 281 1543 illam
308 1469 498 1571 expressit.
554 1461 740 1541 Omissum
766 1494 776 1537 r
802 1468 954 1569 proprie
979 1491 1057 1540 non
1084 1463 1290 1558 offendere,
1329 1493 1443 1569 quum
1473 1470 1557 1538 ποεῖν
1584 1483 1621 1541 et
1645 1471 1742 1540 ποιεῖν
1769 1467 1816 1542 ab

183 1593 353 1667 omnibus
386 1587 538 1666 Graecis
568 1586 707 1663 dictum
728 1592 798 1684 sit,
835 1615 912 1663 non
945 1604 1000 1663 est
1031 1615 1097 1664 cur
1127 1615 1340 1665 moneamus
1371 1589 1435 1689 (cl.
1463 1587 1639 1692 Welcler
1671 1587 1813 1694 Syllog.

180 1717 350 1822 puta).
403 1711 599 1789 Postremo
632 1715 671 1786 in
703 1709 836 1786 eodem
867 1709 977 1787 titulo
1011 1738 1149 1787 nomen
1174 1707 1325 1790 Αἴσωπος
1351 1715 1481 1818 spiritu
1507 1739 1638 1818 aspero
1665 1717 1817 1789 exstrui·

179 1857 254 1932 tur,
283 1839 486 1942 refragante
511 1837 640 1913 naturai
666 1840 839 1912 nominis.
882 1833 957 1910 Sed
983 1835 1057 1911 hoc
1084 1835 1234 1939 quidem
1259 1835 1302 1912 fit
1329 1840 1439 1912 etiam
1465 1837 1551 1912 alias
1577 1842 1616 1914 in
1642 1841 1817 1940 antiquis·

181 1967 280 2040 simis
312 1962 427 2039 titulis
459 1961 604 2036 Atticis.
655 1959 738 2037 Vid.
775 1959 875 2035 Part.
895 1959 945 2034 Π.
983 1957 1077 2065 Cap.
1098 1960 1149 2036 Π.
1172 1988 1229 2063 pr.
1283 1960 1362 2036 Iam
1396 1959 1634 2038 donariorum
1666 1964 1816 2037 nomina

182 2105 267 2164 arant
298 2091 337 2162 in
368 2086 541 2161 inferiore
573 2083 697 2160 titulo:
733 2079 864 2196 κρατήρ,
895 2079 1096 2167 ἐπίσταται.
1111 2076 1234 2177 trinis,
1266 2088 1304 2159 in
1335 2088 1541 2190 superiore:
1578 2078 1707 2194 κρηπίς,
1736 2085 1819 2158 ὐπο-

183 2203 357 2324 sparsique,
384 2199 495 2301 ἥθμές
527 2211 582 2307 (in
609 2235 685 2311 quo
713 2224 876 2284 extremo
902 2206 976 2282 hoc
1003 2209 1125 2284 obiter
1149 2225 1332 2300 notamus,
1367 2208 1518 2284 alteram
1545 2209 1703 2284 litteram
1729 2212 1817 2285 scri-

182 2353 284 2441 ptam
315 2333 431 2410 rideri
462 2336 510 2426 Θ,
544 2358 622 2408 ιιοιι
650 2333 703 2426 Θ;
737 2330 784 2407 de
815 2335 948 2436 spiritu
977 2331 1053 2409 leni
1083 2319 1132 2407 cl.
1163 2329 1274 2407 Giesc
1308 2329 1354 2406 dc
1387 2329 1475 2408 dial.
1510 2332 1606 2409 aeol.
1641 2336 1814 2436 plot).

182 2460 343 2537 Crateris
375 2457 469 2532 basis
501 2459 539 2531 in
572 2456 635 2531 itta
662 2451 850 2539 ἐπίσταται,
881 2460 920 2530 in
947 2455 1015 2529 hic
1040 2448 1267 2564 ὑποκρητῆριον
1292 2472 1445 2531 vocatur
1471 2459 1524 2555 (v.
1553 2455 1740 2531 Plutarch.
1771 2453 1817 2530 de

183 2609 283 2660 orac.
318 2579 394 2656 dcl.
429 2608 463 2656 c.
484 2588 576 2679 tc).
615 2578 764 2654 'Altera
794 2603 867 2656 vox
899 2577 1026 2654 Ionica
1060 2594 1115 2653 est
1149 2575 1350 2677 (Herodot.
1379 2585 1489 2673 1,25.
1526 2575 1814 2690 inonpnmpr'duv).

183 2706 418 2809 Quamquam
451 2697 697 2814 ἐπικρητηρίδιοι
730 2706 840 2780 etiam
871 2707 910 2778 in
941 2705 1073 2778 Atticis
1105 2701 1355 2807 demiopratis-
1375 2703 1578 2806 legebatur,
1612 2703 1661 2778 cf.
1695 2731 1734 2780 n.
1752 2704 1814 2778 57.

180 2821 320 2940 βᾶθρον
352 2819 596 2938 integrarique.
648 2826 722 2904 Sed
749 2829 880 2904 Atticis
906 2820 1071 2902 usitatius
1097 2825 1243 2904 videtur
1267 2826 1378 2902 fuisse
1405 2821 1593 2910 ἕπῖστατον,
1618 2817 1818 2910 trierem,

181 2945 371 3042 ἐπιστάτης,
403 2943 605 3038 ὑποστάτης.
653 2949 700 3028 V.
735 2949 854 3053 Corp.
888 2950 1005 3028 Inscr.
1039 2978 1078 3028 n.
1100 2956 1183 3024 tst.
1217 2957 1344 3027 rs.2l.
1379 2942 1567 3026 induraret
1597 2951 1644 3045 τῷ
1674 2951 1818 3060 κρατῆρι.

178 3079 232 3157 cs.
260 3077 359 3155 Poll.
374 3077 425 3152 X.
437 3080 498 3151 ld.
527 3072 684 3150 Paman.
700 3073 752 3166 X,
765 3079 827 3161 26,
838 3082 873 3150 2.
925 3067 972 3147 Ti
997 3068 1173 3148 ἐπίσταται
1205 3090 1328 3150 autem
1359 3078 1434 3151 sive
1468 3076 1482 3148 ὁ
1507 3065 1686 3161 ἐπιστάτης
1719 3071 1816 3176 apud

179 3199 374 3306 Aristoph.
400 3201 473 3279 Ar.
501 3201 636 3277 utin
665 3198 762 3274 bases
786 3209 856 3274 eive
880 3207 998 3298 tripos
1024 3195 1092 3290 est,¹
1120 3208 1158 3276 in
1184 3225 1258 3301 quo
1284 3202 1381 3274 ottae
1406 3213 1440 3274 et
1466 3198 1594 3275 lebetes
1615 3208 1694 3302 igni
1708 3224 1818 3299 appo

181 3341 332 3403 masmar.
384 3324 446 3401 cf.
467 3320 635 3399 Boeclrh.
665 3320 710 3398 ad
737 3320 777 3395 h.
793 3321 820 3398 l.
876 3320 1050 3398 Ceterum
1076 3338 1178 3400 totus
1203 3321 1265 3398 hic
1291 3328 1482 3400 nominum
1509 3321 1673 3399 delectus
1700 3337 1737 3397 et
1762 3319 1818 3396 di·

179 3454 339 3528 scrimen
364 3451 404 3524 in
429 3463 584 3550 utraque
610 3449 848 3550 inscriptione
874 3445 1011 3520 lactum
1037 3446 1206 3522 subtilius
1234 3450 1387 3524 omnino
1412 3449 1461 3522 ita
1479 3462 1730 3551 comparatum
1747 3460 1816 3538 est,

179 3591 225 3651 ut
250 3571 297 3652 dc
323 3575 539 3676 antiquitate
565 3569 758 3646 titulorum
783 3573 868 3646 satie
895 3595 1022 3672 magna
1049 3572 1096 3645 sit
1121 3595 1226 3645 causa
1254 3566 1459 3645 dubitandi.

336 3694 525 3800 Superest,
559 3710 601 3769 ut
633 3691 680 3769 de
712 3694 892 3768 stnrcturi
924 3693 1124 3770 verborum
1151 3695 1405 3795 sententiisque
1429 3691 1630 3770 ridendum
1658 3697 1716 3770 sit.
1770 3691 1820 3768 Et

180 3847 303 3900 sermo
331 3818 482 3924 quidem
507 3817 691 3893 inferioris
715 3816 814 3891 tituli
839 3831 882 3892 ut
907 3831 1028 3892 cetera
1054 3816 1210 3920 simplex
1236 3832 1303 3910 est,
1333 3820 1382 3892 ita
1408 3818 1521 3894 rerba
1539 3812 1635 3906 κάγώ
1655 3861 1692 3876 -
1712 3809 1820 3890 ἔδωκα

177 3945 423 4050 simplicitatis
448 3941 674 4017 affectationi
699 3937 872 4016 videntur
895 3938 1104 4018 tribuenda.
1161 3938 1266 4035 Quae
1292 3959 1533 4045 personarum
1560 3940 1729 4018 conlusio
1747 3943 1820 4018 iam

178 4098 204 4148 a
237 4067 434 4147 Chishullo
465 4066 667 4142 Pausaniae
698 4079 809 4167 atque
842 4068 951 4140 etiam
982 4061 1166 4140 hodierno
1192 4092 1260 4141 usu
1286 4063 1466 4142 illustrata
1492 4080 1560 4158 est,
1598 4087 1674 4166 quo
1699 4067 1820 4166 imago

181 4195 296 4300 ipsius
322 4191 482 4266 hominis
507 4191 659 4265 nomine
686 4187 907 4291 appellatur.
960 4184 1108 4263 Deinde
1133 4214 1187 4267 rs.
1201 4189 1237 4264 7.
1268 4213 1362 4291 quae
1388 4204 1593 4291 sequuntur
1610 4188 1737 4280 rerba,
1765 4179 1820 4262 ἐὰν

182 4313 281 4394 din
310 4305 454 4409 πάσχω,
484 4305 676 4404 μελεδαίνειν
705 4337 759 4402 με,
792 4300 818 4383 ri
848 4309 993 4398 zonis.
1026 4337 1171 4386 rursum
1193 4315 1316 4414 imago
1343 4311 1523 4413 loquitur,
1558 4315 1662 4414 quasi
1687 4311 1817 4391 homo.

181 4443 229 4518 In
261 4466 338 4544 quo
368 4439 523 4516 verbum
556 4429 745 4522 μωδαίνειν
776 4432 840 4532 (cf.
876 4431 1038 4508 Theocr.
1061 4433 1111 4510 X.
1125 4439 1187 4512 52.
1223 4432 1638 4536 Herodot.V111,1rs.)
1668 4439 1821 4540 proprie

181 4563 354 4642 lonicum
380 4577 417 4637 et
436 4563 630 4665 poeticum
658 4587 773 4662 quum
798 4561 965 4663 inprimis
991 4556 1038 4634 de
1065 4560 1152 4634 curi
1178 4558 1319 4634 medica
1345 4556 1488 4636 dicatur
1516 4557 1606 4660 (vid.
1635 4560 1818 4665 Hippocr.

184 4693 312 4795 opp),
341 4680 514 4762 illuditis
541 4679 577 4759 ὅ
600 4713 633 4759 τι
660 4673 792 4776 πάσχω
819 4685 868 4758 ita
895 4681 1176 4784 intelligendum
1202 4685 1284 4776 erit,
1313 4698 1355 4757 ut
1380 4681 1571 4785 significet:
1601 4695 1634 4760 si
1656 4683 1746 4786 quid
1761 4681 1821 4758 de-

182 4819 346 4892 trimenti
369 4837 484 4912 pasca
504 4809 628 4914 fuerit
658 4815 792 4910 dungo.
846 4803 920 4882 Scd
955 4803 1043 4907 quid
1077 4804 1239 4881 dicemus
1271 4804 1318 4882 de
1353 4809 1543 4909 utriusque
1575 4806 1673 4881 tittdi
1698 4809 1821 4908 positu

184 4953 299 5041 atque
323 4931 490 5036 origine?
541 4931 595 5006 Ut
620 4933 830 5006 omittamus
855 4932 1018 5005 virorum
1046 4926 1240 5004 doctorum
1267 4927 1313 5004 de
1331 4929 1404 5005 hoc
1421 4945 1547 5004 exorta
1563 4926 1723 5023 dissidia,
1753 4929 1839 5005 no·¹

182 5063 245 5138 bis
267 5057 374 5136 firma
405 5070 476 5132 stat
505 5053 686 5130 Boeckhii
712 5056 891 5130 sententia
918 5049 1189 5146 contendentis,
1226 5056 1453 5157 superiorem
1479 5051 1629 5128 titulum
1654 5069 1742 5157 post
1765 5058 1820 5130 in·
