4512 5910
428 405 478 480 80
664 449 668 459 ·
1040 400 1139 478 Pius
1164 400 1197 478 Ι.
1243 399 1450 480 Aruernus.

431 613 544 686 cisum
576 609 789 684 inferiorem
823 603 1082 708 qualicumque
1109 604 1155 680 de
1182 603 1479 682 causi-additum
1506 631 1584 683 esse
1611 623 1669 702 et,
1695 621 1738 684 ut
1763 607 1902 713 aliquid
1929 613 2064 687 inesset

431 731 661 826 discriminis,
695 731 885 806 hominem
916 733 1169 831 grammaticae
1199 727 1404 824 studiosum
1435 730 1572 806 formas
1597 732 1814 827 litterarum,
1849 732 2060 828 dialectum,

430 859 542 933 verba
568 856 711 958 aliquot
735 868 906 946 mutasse,
935 852 1004 927 alia
1029 855 1207 927 omisisse.
1262 852 1343 928 Nec
1367 852 1544 930 dissimile
1568 881 1659 932 vero
1686 873 1754 951 est,
1787 873 1982 961 utramque
2006 862 2063 934 in·

429 984 666 1085 scriptionem
698 977 774 1054 sere
807 978 914 1052 simul
946 993 1127 1052 exaratam
1153 1003 1231 1053 esse
1258 980 1301 1052 ei
1327 993 1458 1071 aetate,
1495 985 1568 1081 qud
1594 982 1712 1082 prisca
1739 985 1916 1084 scriptura
1942 982 2064 1057 Attice

430 1104 639 1180 exoleverat
665 1118 702 1178 et
730 1127 824 1204 quae
849 1117 1003 1178 vocatur
1028 1099 1254 1196 Simonides,
1284 1099 1424 1177 dudum
1450 1119 1598 1208 recepta
1625 1121 1714 1180 erat.
1758 1104 1858 1207 Lege
1885 1109 1933 1179 sis
1957 1105 2064 1208 plura

428 1227 525 1333 apud
552 1225 796 1304 Boeckhium.
2046 1237 2050 1244 '

1209 1513 1277 1602 33.

425 1679 460 1740 1n
490 1678 598 1739 duabus
626 1674 767 1738 columnis
794 1697 829 1737 ex
854 1696 998 1738 marmore
1021 1675 1167 1758 Carystio,
1192 1676 1222 1738 in
1249 1675 1297 1738 vil
1317 1675 1414 1759 Appii
1438 1675 1528 1740 tertio
1549 1676 1584 1738 ab
1605 1675 1678 1738 urbe
1699 1673 1793 1762 lapide
1814 1676 1915 1762 positis
1937 1688 1967 1740 et
1987 1677 2063 1761 apud

550 1776 713 1860 sepulcrum
740 1775 873 1840 Metellae
900 1777 1033 1860 repertis,
1060 1797 1133 1857 quae
1154 1798 1231 1837 nunc
1256 1775 1380 1859 Neapoli
1401 1790 1592 1839 asservantur.
1633 1777 1843 1858 Transscripsit
1863 1777 1990 1840 Smetius
2012 1775 2062 1840 iol.

550 1881 588 1954 V,
597 1881 624 1941 3.
647 1899 681 1940 ex
703 1898 761 1958 quo
783 1877 861 1938 dedit
884 1875 1030 1939 Gruterus
1051 1899 1079 1959 p.
1087 1875 1213 1952 XXVII,
1223 1879 1249 1938 1.
1281 1876 1493 1961 Explicuerunt
1513 1877 1583 1939 olim
1604 1879 1763 1960 'scripturae
1785 1877 1908 1940 sormam
1931 1877 2062 1962 Scaliger

548 1979 583 2041 ad
604 1977 708 2040 Euseb.
730 1977 889 2059 p.102.sq.
915 1989 946 2038 et
966 1976 1119 2038 Salmasius
1144 1977 1175 2038 in
1196 1976 1334 2062 singulari
1356 1977 1442 2055 libro,
1467 1977 1557 2039 Paris.
1581 1978 1669 2041 1619.
1691 1973 1720 2041 l.
1762 1979 1808 2040 Ex
1828 1975 1961 2042 Grutero
1983 1977 2063 2044 dedit

424 2129 429 2136 .
547 2077 749 2140 Montlaucon.
777 2077 928 2160 Palaeogr.
955 2078 1062 2160 p.135.
1088 2089 1119 2139 et
1143 2077 1209 2139 inde
1230 2077 1444 2160 perversissime
1462 2080 1606 2150 Muretus.
1627 2079 1652 2140 1.
1673 2077 1851 2164 patente.
1894 2079 1974 2141 Ante
1993 2079 2061 2140 ttu-

422 2251 428 2259 ,
548 2191 636 2242 rator.
658 2178 776 2240 dederat
798 2176 939 2238 Cbishull.
961 2178 1051 2240 Inscr.
1074 2177 1221 2264 sigge.
1248 2177 1318 2239 Ant.
1340 2177 1390 2240 Λι.
1411 2201 1440 2262 p.
1450 2180 1497 2240 10.
1519 2190 1549 2241 et
1570 2178 1637 2240 inde
1659 2178 1763 2241 iterum
1785 2180 1927 2241 Murator.
1949 2180 2003 2239 IV.
2025 2179 2060 2242 ad

547 2302 575 2362 p.
583 2279 729 2340 MMClV.
772 2279 926 2340 Praeterea
948 2277 1113 2340 Shucklord
1133 2279 1234 2348 Herm.
1255 2298 1327 2343 sacr.
1349 2289 1378 2341 et
1399 2277 1478 2361 prol,
1498 2277 1597 2362 script.
1615 2279 1640 2339 I.
1661 2302 1690 2361 p.
1699 2277 1767 2344 176.
1789 2291 1819 2344 et
1838 2277 1938 2356 Lausi,
1958 2280 2060 2366 saggio

547 2380 576 2441 di
598 2379 695 2465 lingua
716 2379 780 2438 Etr.
802 2379 825 2438 1.
847 2375 954 2461 pilli.
965 2401 1007 2460 sq.
1051 2377 1099 2440 cf.
1113 2377 1258 2456 visconti,
1278 2377 1368 2440 inser.
1390 2378 1493 2461 Triop.
1515 2377 1580 2465 po.
1805 2395 1808 2404 ¹

941 2546 1082 2628 [Tereum
1097 2555 1160 2606 vide
1169 2517 1312 2624 permiseq.
1325 2545 1539 2628 interpositum]
1610 2603 1618 2616 ,

473 2717 623 2803 „Etr'trm
650 2705 852 2788 columnae
870 2713 1015 2788 Cereris
1039 2739 1085 2786 ae
1110 2712 1270 2788 Liberae
1294 2728 1379 2787 sunt
1403 2711 1602 2788 donarirrm
1618 2727 1653 2788 et
1668 2715 1877 2820 inferorum
1894 2715 2057 2792 deornm

472 2841 522 2914 Et
548 2848 682 2913 nemini
696 2838 769 2942 fas
793 2835 980 2912 demovere
1005 2865 1055 2911 ex
1083 2833 1243 2938 Triopio,
1267 2835 1370 2938 quod
1393 2850 1445 2911 est
1471 2833 1524 2911 od
1548 2848 1693 2912 tertium
1711 2838 1765 2913 ad
1778 2850 1878 2914 viam
1895 2841 2058 2942 Appiam

471 2960 629 3064 lapidem
654 2973 692 3036 in
719 2983 815 3064 agro
841 2958 1010 3036 Herodis
1053 2959 1185 3062 Neque
1209 2971 1305 3036 erum
1329 2964 1451 3036 uidisse
1476 2971 1636 3037 moventi.
1680 2961 1795 3037 Testes
1812 2961 1884 3038 dea
1900 2954 2048 3039 viare.

571 3085 855 3160 Monumentum
883 3101 937 3159 eet
962 3082 1122 3159 Herodis
1147 3085 1276 3176 Attici,
1306 3088 1370 3188 qui
1395 3087 1589 3188 triopicam
1614 3085 1832 3187 religionem
1856 3090 1887 3158 ἐν
1907 3088 1953 3180 τῷ
1971 3096 2058 3197 rp'ss-

420 3207 483 3306 πίῳ
508 3202 628 3301 τεμένει
653 3211 860 3282 instituerat
886 3209 936 3281 ob
962 3211 1084 3311 ipsum
1108 3205 1273 3310 Regillae
1300 3213 1424 3283 uxoris
1449 3206 1573 3283 sunus.
1610 3207 1647 3282 Is
1673 3206 1861 3285 Hadriano
1887 3215 2057 3315 prindipe

417 3324 525 3410 natus
550 3356 668 3434 usquc
694 3327 740 3402 ad
768 3329 1018 3405 Commodum
1044 3329 1269 3432 perduravit.
1311 3329 1453 3406 Notum
1480 3329 1557 3406 eius
1584 3347 1639 3406 est
1663 3329 1974 3408 studiumremm
1989 3361 2055 3410 en·

416 3463 605 3561 tiquamm
635 3457 687 3552 (v.
715 3451 902 3527 Philostr.¹
921 3457 985 3527 vit.
1016 3452 1136 3557 Soph.
1152 3455 1203 3546 II,
1220 3465 1251 3546 t,
1269 3459 1359 3554 te).
1414 3456 1463 3529 Et
1494 3480 1581 3530 sane
1607 3457 1645 3529 in
1671 3455 1728 3530 his
1753 3459 2056 3559 inscriptionibus

418 3581 677 3658 strictissimam
709 3573 871 3678 regulam
902 3570 1205 3681 palaeographiae
1235 3577 1380 3652 Atticae
1411 3594 1556 3654 secutus
1588 3595 1657 3653 est.
1716 3578 1904 3683 Scriptura
1934 3585 2055 3684 prima

418 3706 540 3780 Attica
572 3718 637 3776 est.
687 3700 773 3776 Vid.
808 3699 908 3774 Part.
924 3701 974 3774 11.
992 3727 1051 3803 pr.
1107 3699 1252 3777 Caudas
1284 3701 1489 3776 litterarum
1512 3708 1552 3778 .Α
1569 3703 1603 3778 Λ
1620 3703 1708 3780 tvtt‘
1740 3702 1840 3806 apud
1871 3703 2054 3782 Smetium

414 3831 572 3903 nimium
597 3829 765 3899 incurvas
791 3851 869 3897 non
896 3850 973 3898 esse
999 3829 1039 3898 in
1065 3825 1245 3900 columnis
1272 3851 1387 3927 quum
1414 3851 1458 3900 ex
1475 3826 1718 3900 Lanzii'notri
1741 3827 1895 3929 intelligi
1912 3844 2050 3930 potest,
2087 3863 2092 3872 ·

417 3969 495 4029 tum
537 3974 606 4024 nos
644 3951 715 4050 ipsi
755 3945 926 4022 vidimus.
982 3946 1105 4051 Sigma
1146 3951 1314 4051 proxime
1346 3947 1488 4023 aceedit
1520 3947 1566 4024 ad
1604 3949 1762 4026 formam
1799 3952 1895 4026 basis
1925 3951 2052 4028 Delia·

410 4101 482 4151 cae
512 4071 588 4151 rid.
617 4099 656 4144 u.
671 4076 733 4144 tl.
789 4069 948 4172 Spiritus
979 4097 1087 4174 asper
1120 4076 1151 4147 Η
1187 4075 1454 4148 accuratissime
1485 4076 1627 4175 positus
1660 4090 1728 4167 εει,
1763 4099 1834 4176 pro
1868 4077 1939 4150 ΟΥ
1968 4077 2052 4151 ubi-

305 4207 309 4213 '
418 4225 492 4302 que
525 4211 580 4272 est
611 4196 660 4270 Ο.
719 4193 929 4296 Utrumque
960 4212 1036 4270 tam
1063 4193 1257 4296 diligenter
1291 4197 1519 4292 observatru,
1552 4213 1596 4272 ut
1622 4197 1745 4272 litteral
1767 4200 1813 4273 Ὀ
1844 4202 1970 4273 etiam·
1985 4211 2050 4282 ne'·

415 4325 514 4425 gatio
543 4316 755 4420 designetur
785 4318 850 4416 (cf.
876 4318 1036 4421 'pag.49.
1053 4322 1130 4421 sq.)
1162 4336 1200 4394 et
1227 4323 1259 4394 Η
1285 4319 1346 4396 vel
1371 4324 1411 4394 in
1437 4318 1558 4396 medii
1582 4323 1630 4396 sit
1653 4347 1747 4399 voce
1773 4347 1984 4424 expressum
2008 4340 2052 4399 ut

417 4446 667 4520 ΕΝΗΟΔΙΑ
699 4439 788 4540 (vid.
815 4440 915 4516 Part.
927 4443 978 4517 Π.
1005 4441 1180 4546 capul.
1197 4447 1291 4544 pm).
1349 4443 1523 4519 Ceterum
1555 4443 1654 4519 tituli
1685 4471 1729 4519 ex
1759 4449 1914 4548 antiquo
1945 4473 2050 4524 more

411 4562 553 4654 eromdlv
584 4568 710 4668 scripti
741 4581 827 4639 sunt
855 4562 945 4664 (vid.
973 4565 1118 4641 Introd.
1134 4565 1216 4664 V.).
1278 4566 1356 4638 Iam
1387 4571 1578 4670 utriusque
1609 4566 1802 4642 columnae
1834 4566 1965 4644 eadem
1995 4587 2051 4648 est

414 4693 618 4794 inscriptio,
653 4692 722 4764 nisi
749 4686 850 4791 quod
878 4691 916 4762 in
943 4686 1055 4762 alterii
1080 4703 1167 4791 post
1191 4696 1319 4766 usit).
1348 4689 1497 4766 litterae⁴
1519 4691 1710 4768 tertot
1737 4693 2050 4772 vitiose'omissae

414 4831 512 4906 sunt,
541 4830 652 4915 atque
678 4817 716 4886 in
744 4811 871 4886 eidem
896 4815 935 4885 iu
960 4810 1035 4886 fine
1062 4813 1135 4887 ΚΑΙ
1163 4809 1326 4886 additum
1354 4829 1421 4906 est,
1457 4812 1560 4916 quod
1586 4817 1776 4917 inpriore
1802 4811 1917 4890 deest.
1960 4815 2049 4894 *Sed

411 4941 464 5014 ibi
491 4961 642 5041 quoque
670 4932 920 5038 reponendam
948 4960 1025 5044 esse
1050 4933 1267 5038 particulam
1293 4934 1395 5010 illam
1422 4962 1467 5012 ex
1491 4942 1574 5040 ipso
1599 4939 1799 5014 verborum
1825 4936 1957 5014 ordine
1980 4965 2048 5046 apr

409 5077 528 5166 paret.
559 5143 564 5150 ¹
586 5057 739 5161 Quippe
771 5061 951 5134 minorem
983 5060 1378 5162 inscriptioneminlra
1406 5065 1565 5163 positam
1591 5087 1662 5164 pro
1688 5066 1815 5164 priore
1838 5059 2050 5142 habendam
