4562 5906
258 1407 261 1416 ·
382 1365 522 1490 Atque
550 1377 594 1458 in
623 1331 974 1490 repraesentando
1004 1374 1175 1490 quidem
1204 1388 1315 1460 textu
1343 1372 1563 1458 titulorum
1589 1405 1719 1490 quum
1744 1378 1865 1460 ratio-

229 1557 329 1624 nem
359 1565 382 1620 a
410 1534 471 1622 Te
500 1538 646 1622 initam
676 1539 880 1652 optimam
919 1566 1009 1621 esse
1026 1539 1337 1654 cognovissem,
1371 1565 1463 1619 eam
1491 1549 1655 1620 secutus
1683 1568 1778 1620 sum
1807 1533 1866 1618 di

230 1695 416 1818 ligenter.
477 1693 621 1812 Itaque
656 1699 1035 1782 vetustissimorum
1071 1694 1288 1780 titulorum
1325 1696 1395 1811 qui
1432 1699 1540 1812 typis
1576 1694 1694 1781 reddi
1724 1697 1866 1810 nequi·

229 1873 388 1954 terunt,
426 1855 572 1974 ligneis
600 1859 783 1944 aereisve
810 1855 962 1942 tabulis
990 1859 1108 1941 incisi
1136 1870 1245 1952 sunt,
1277 1855 1427 1971 reliqui
1454 1858 1565 1974 typis
1593 1860 1773 1970 expressi
1805 1860 1867 1950 iis,

231 2018 385 2136 quibus
412 2015 550 2102 'l'u-in
579 2013 776 2104 thesauro
805 2020 1125 2133 inscriptionum
1156 2048 1254 2100 usus
1283 2047 1337 2103 es.
1398 2014 1545 2130 Neque
1570 2021 1682 2101 enim
1705 2047 1790 2101 non
1815 2018 1866 2100 ri-

230 2175 367 2266 dicula
397 2192 459 2265 est
486 2181 725 2294 superstitio
754 2208 914 2274 eorum,
944 2181 1014 2294 qui
1035 2176 1200 2292 ,ubique
1227 2176 1319 2293 plus
1346 2179 1390 2262 in
1413 2175 1563 2261 tabulis
1585 2181 1715 2262 aereis
1738 2207 1866 2292 quam
1923 2187 1927 2196 '

232 2343 275 2431 ln
312 2335 564 2458 apographis
587 2341 861 2423 'auctoritatis
902 2369 992 2423 esse
1027 2337 1292 2422 arbitrantur.
1361 2333 1690 2452 Diplomaticam
1725 2341 1867 2422 autem

231 2495 360 2594 fidem
390 2502 510 2585 unice
540 2495 830 2614 praestandam
859 2500 1100 2590 existimaui,
1127 2500 1246 2582 omni
1275 2499 1532 2582 correctione
1561 2500 1603 2582 in
1627 2510 1866 2581 contextum

231 2657 654 2752 minusculislitteris
684 2687 925 2776 expressum
948 2655 1168 2776 ablegata·
1209 2652 1304 2764 Qua
1329 2660 1371 2742 in
1397 2687 1442 2741 re
1463 2651 1569 2741 haec·
1586 2655 1867 2772 quoque'Tua

230 2823 337 2907 ratio
367 2817 604 2935 adoptando
634 2815 720 2913 luit,
749 2849 829 2933 qna
859 2815 1125 2934 expluribus
1152 2841 1259 2932 qnae
1289 2830 1453 2932 praesto
1477 2831 1596 2902 erant
1615 2813 1866 2936 apographis
1987 2882 1989 2890 J

231 2993 393 3066 textum
421 2981 706 3092 composuisti.
734 2980 776 3062 in
807 3009 891 3092 quo
913 2977 1124 3093 quidquid
1152 2973 1339 3071 habetur,
1372 2977 1736 3064 transcribentium
1766 2982 1868 3062 nita·

231 3147 301 3222 tur
328 3139 583 3222 auctoritate.
637 3132 736 3242 Quo
766 3133 813 3223 fit
840 3149 886 3220 ut
913 3150 1072 3221 servata
1100 3132 1186 3220 fide*
1204 3134 1482 3251 diplomatica,
1510 3139 1584 3252 qui
1604 3140 1748 3223 omnia
1770 3149 1867 3252 apoi-

231 3293 388 3416 grapha
417 3294 513 3384 velit
541 3299 700 3414 integra
728 3291 893 3393 habere,
921 3296 1076 3382 sihi'ee
1106 3325 1151 3382 ex
1180 3299 1292 3381 varia
1315 3293 1490 3382 lectione
1509 3300 1620 3382 inter
1641 3301 1866 3412 utrumque

232 3470 471 3542 contextum
502 3469 697 3542 annotata
735 3461 869 3573 possit
903 3485 1168 3572 componere
1228 3453 1277 3539 In
1314 3455 1445 3541 titulis
1478 3470 1618 3542 autem
1646 3453 1867 3555 lacunosi's‚

231 3647 286 3703 ne
315 3629 447 3702 textus
469 3617 533 3702 bis
553 3615 824 3733 apponendus
846 3630 965 3712 esset,
991 3615 1282 3732 supplementa
1305 3619 1420 3702 uncis
1443 3614 1599 3702 incluse
1621 3617 1867 3717 addidimus,
1925 3645 1930 3662 ·

235 3807 417 3894 quorum
456 3772 556 3861 haec
594 3781 697 3862 ratio
735 3790 807 3876 est,
843 3790 898 3875 ut,
933 3776 1004 3861 ubi
1038 3777 1161 3862 verba
1200 3777 1403 3893 quaedam
1442 3791 1509 3860 aut
1548 3781 1696 3897 integri
1726 3811 1868 3865 versus

233 3935 490 4053 supplentur,
519 3943 613 4021 unci
643 3935 770 4022 additi
798 3941 882 4022 sint
911 3940 1120 4052 utrimque
1149 3937 1215 4052 []
1244 3936 1314 4022 ubi
1344 3952 1481 4023 autem
1512 3940 1553 4022 in
1583 3951 1757 4053 utraque
1782 3971 1869 4026 ver·

233 4125 305 4182 sus
333 4100 591 4185 extremitate
620 4096 788 4185 lacunae
817 4096 1040 4214 explendae
1067 4112 1176 4195 sunt,
1213 4117 1341 4184 uncus
1371 4099 1389 4212 [
1419 4095 1548 4185 finem
1576 4095 1778 4218 significet
1808 4115 1870 4186 to-

235 4270 340 4359 tum,
367 4262 556 4345 inversus
582 4263 599 4376 ]
628 4263 813 4356 initium„

388 4417 546 4507 Verum
582 4435 628 4506 ut
663 4425 706 4505 in
741 4417 808 4506 his
836 4418 1024 4506 brevitati
1055 4419 1147 4504 data
1178 4450 1304 4536 opera
1333 4433 1405 4514 est,
1433 4424 1488 4506 ita
1518 4423 1641 4507 etiam
1672 4424 1870 4539 interpre-

235 4582 437 4667 tationem
466 4585 689 4698 nnicuique
717 4579 838 4666 titulo
866 4580 1056 4666 subiunxi
1088 4612 1172 4665 non
1203 4584 1329 4666 nimis
1358 4579 1575 4697 prolixam,
1604 4585 1645 4666 in
1676 4615 1756 4700 qua
1786 4582 1869 4698 ple-

236 4772 414 4856 rumque
450 4741 540 4828 Tua
576 4746 746 4862 vestigia
784 4741 1008 4858 premenda
1045 4745 1196 4859 putavi,
1236 4742 1453 4862 indignum
1483 4756 1596 4827 ratus
1625 4773 1647 4828 a
1675 4743 1781 4830 bene
1810 4745 1870 4826 in-

235 4904 368 4989 ventis
398 4902 589 4990 recedere
617 4907 697 4988 nisi
726 4904 795 4989 ubi
826 4915 896 4987 aut
924 4899 1161 5022 apographa
1198 4902 1373 4988 meliora
1403 4901 1540 4988 oblata
1569 4901 1691 4988 aliem
1721 4907 1870 4990 suasis-

237 5077 330 5150 sent
364 5068 570 5149 rationem
606 5065 772 5180 (nna),
807 5077 878 5153 aut
912 5095 1056 5151 recens
1085 5079 1247 5182 reperta
1276 5068 1498 5156 rectiorem
1525 5067 1635 5150 viam
1665 5078 1870 5150 monstra·
