4486 5908
402 365 418 390 ⁸
451 401 500 482 78
1063 397 1159 474 Pasa
1184 399 1217 476 Ι.
1265 401 1470 477 Aresrnrx.
1603 443 1607 451 ·

452 608 699 682 constituitur.
753 601 827 680 Sed
859 619 900 678 ut
931 606 968 677 in
999 602 1174 679 inferiore
1205 604 1314 682 titulo
1346 607 1526 709 scriptura
1555 607 1675 708 prisca
1701 603 1766 680 illa
1790 604 1925 698 Attica,
1959 605 1996 679 in
2023 629 2082 680 sn·

452 734 598 834 periore
624 729 749 804 Ionica
776 744 844 821 est,
880 730 930 802 ita
957 727 1066 804 etiam
1093 725 1290 803 dialectum
1317 746 1566 833 comparatam
1591 729 1719 806 habes.
1771 729 1962 804 Inferioris
1986 727 2083 804 tituli

451 855 564 931 verba
590 852 680 928 haec
704 867 802 928 sunt:

503 969 676 1052 Φονοδίκου
710 970 772 1068 sipi
803 976 861 1051 τοῦ
888 967 1129 1086 Ἑρμοκράτους
1155 977 1211 1052 τοῦ
1238 971 1470 1088 Προκονησίου·
1503 969 1600 1067 κάγὼ
1627 977 1774 1087 κρατῆρα
1799 971 2004 1052 κᾶσίστατον
2031 972 2086 1052 xci

500 1093 609 1192 ἡθμὸν
635 1103 668 1178 ir
691 1105 883 1210 Πρυτανεῖον
911 1091 1019 1174 ἔδωκα
1044 1101 1155 1192 μνῆμα
1181 1101 1357 1189 immina.
1392 1095 1446 1176 ida
1472 1093 1508 1176 δι’
1531 1130 1564 1176 τι
1588 1093 1734 1196 πάσχον,
1758 1095 1951 1192 μελεδαίνειν
1976 1128 2030 1190 με,
2061 1090 2086 1173 ri

502 1225 642 1314 Σνγοοῆο.
672 1219 739 1298 ilai
758 1226 795 1316 μ’
822 1218 967 1312 ἐποίησεν
992 1217 1144 1303 Αἴσωπος
1170 1219 1226 1300 xci
1250 1221 1397 1324 ἀδελφοί.

500 1347 740 1436 „Pbonodici
769 1377 867 1436 sum,
899 1347 1155 1425 Hermocratri
1175 1349 1217 1455 f
1241 1349 1488 1426 Proconnesia·
1539 1349 1592 1424 Et
1622 1376 1693 1455 ego
1717 1363 1898 1426 natm
1924 1363 1959 1424 ct
1984 1350 2087 1425 dorin

501 1487 535 1549 ct
566 1477 688 1550 colum
718 1483 756 1548 in
786 1473 1019 1576 Prytaneum
1051 1472 1137 1550 dedi
1167 1485 1365 1550 memoriae
1389 1501 1505 1552 causa
1531 1474 1781 1580 Srgcansrbus.
1820 1473 1976 1577 Siquid
1999 1499 2087 1549 vero

497 1609 635 1702 potior,
660 1613 788 1674 curate
813 1626 880 1684 mc,
906 1626 929 1673 o
955 1597 1151 1702 Sigccnses.
1203 1599 1255 1673 Et
1270 1600 1367 1704 fecit
1393 1627 1450 1674 nnc
1474 1600 1645 1702 Aesopus
1670 1613 1705 1674 ct
1720 1599 1899 1704 fratres?

452 1721 661 1826 Superioris
688 1738 809 1798 autem
836 1721 940 1798 baec:

502 1840 676 1921 Φανοδίκου
708 1841 769 1937 εἰμὶ
799 1837 1060 1956 τούρμοκρᾶσεος
1088 1847 1146 1921 τοῦ
1177 1841 1427 1956 Προκοννησίου·
1460 1847 1601 1958 κρητῆρα
1631 1840 1665 1922 di
1695 1841 1751 1922 sai
1778 1839 2007 1958 ὕσοκρητήροον
2035 1841 2089 1920 sci

500 1963 610 2060 ἡθμὸν
636 1972 668 2046 r's
693 1960 886 2079 Πρυτανῆϊον
917 1961 1017 2045 ἔδωκε
1042 1972 1255 2074 Σο[γ]οοῦσνν.

502 2091 862 2181 ,,ΡΙιαοιοι1ο“οιόιοοη,
894 2095 1150 2172 Hermocrctis
1169 2095 1211 2201 f
1240 2095 1487 2172 Proconncsii.
1541 2093 1735 2172 Cratcrcm
1765 2110 1888 2193 cutm
1919 2109 1953 2172 et
1985 2095 2088 2170 basin

503 2233 538 2296 ct
564 2221 685 2295 colum
711 2227 748 2294 ln
774 2217 1006 2320 Prytancum
1033 2217 1131 2294 dedit
1157 2219 1412 2324 Ssgemsibus?

603 2340 697 2418 Puta
726 2346 918 2446 imaginem
945 2341 1149 2420 Pbanodici
1177 2369 1286 2448 supra
1311 2345 1469 2449 positam
1495 2341 1621 2419 induci
1636 2343 1868 2447 loquentem.
1912 2343 1974 2420 Cl.
1993 2345 2087 2448 Hip·

451 2447 674 2574 parchssive
693 2465 739 2542 de
756 2465 876 2543 lucro.
898 2496 936 2571 p.
950 2473 1037 2542 229.
1065 2465 1160 2546 Plat.
1181 2466 1340 2546 Phaedr.
1360 2466 1564 2573 p.2od.D.
1592 2466 1906 2562 Herodot.V,58.
1935 2467 2088 2544 Pausan.
2223 2489 2224 2550 t

453 2591 698 2687 'V,20.V1,s.
751 2591 837 2668 Fuit
869 2589 967 2668 baud
1000 2590 1112 2668 dubie
1144 2610 1316 2696 protome
1347 2597 1422 2670 sive
1448 2591 1593 2686 thorax,
1630 2592 1748 2696 qualis
1773 2608 1829 2668 est
1853 2592 2086 2686 Hermarum,
2223 2655 2224 2698 η

453 2718 512 2793 oui
538 2713 725 2818 infigendo
753 2717 973 2790 inserviebat
997 2714 1130 2820 lapidis
1156 2721 1196 2791 in
1222 2718 1362 2791 summai
1380 2732 1485 2821 parte
1502 2716 1683 2792 foramen.
1724 2716 1838 2793 Vivus
1854 2715 2089 2793 Pbanodicns
2223 2755 2224 2784 ν

451 2843 645 2944 imaginem
679 2865 784 2912 suum
820 2837 917 2942 Sigei
951 2844 1088 2942 posuit,
1126 2839 1277 2916 sortasse
1310 2843 1348 2914 in
1380 2855 1559 2945 prytaneo
1594 2841 1660 2938 (cf.
1694 2838 1776 2917 Cic.
1801 2840 1909 2916 Verr.
1944 2857 2015 2916 act.
2034 2841 2085 2916 II.

452 2965 519 3042 lib.
530 2963 596 3056 IV,
609 2963 704 3058 57.)‚
734 2965 1031 3066 permittentibus
1057 2962 1304 3067 Sigeensibus.
1351 2965 1402 3039 At
1420 2989 1492 3068 pro
1511 2960 1618 3040 donis
1634 2991 1766 3068 parum
1783 2963 1984 3068 magnificis
2000 2969 2089 3040 ima·

450 3091 544 3195 ginis
570 3086 751 3162 honorem
778 3087 926 3190 publice
953 3085 1142 3164 decretum
1169 3113 1247 3166 esse
1271 3091 1514 3165 vetustissimi
1539 3091 1753 3192 praesertim
1774 3104 1892 3164 aetate
1910 3086 2086 3164 credibile
2223 3135 2224 3146 2

451 3239 529 3290 non
562 3227 629 3287 est.
684 3207 838 3284 Accedit
870 3209 972 3313 quod
1003 3214 1170 3288 iconicas
1199 3215 1371 3316 imagines
1402 3237 1486 3287 sero
1517 3215 1558 3287 in
1586 3237 1693 3286 usum
1725 3238 1960 3288 communem
1986 3239 2088 3289 rece·
2170 3301 2174 3310 Ι
2223 3247 2224 3250 “

450 3351 538 3444 ptae
570 3349 667 3427 suut,
702 3357 757 3425 ac,
792 3336 823 3408 si
854 3336 995 3436 signum
1026 3333 1237 3411 Pbonodici
1268 3361 1513 3411 marmoreum
1545 3335 1628 3430 luit,
1663 3333 1710 3410 de
1737 3361 1813 3439 qno
1838 3339 1900 3413 rix
1926 3335 2086 3431 dubites,

450 3462 631 3566 principia
655 3461 741 3534 artis
759 3456 980 3562 sculptoriae
999 3459 1159 3552 obstant,
1190 3483 1265 3562 quo
1284 3463 1403 3535 minus
1421 3474 1664 3535 monumento
1681 3475 1836 3536 aetatem
1854 3486 1948 3554 cam,
1979 3483 2089 3565 quam

451 3587 710 3689 inscriptiones
742 3584 982 3674 mentiuntur,
1017 3583 1233 3658 tribuamus.
1287 3583 1382 3659 Nam
1414 3586 1606 3659 marmoris
1632 3581 1821 3689 scalpendi
1847 3609 1905 3659 ars
1930 3587 1992 3660 vix
2019 3583 2087 3661 So·

450 3709 549 3788 lonis
580 3723 697 3784 aetate
730 3722 862 3810 coepta
894 3721 971 3782 erat
1003 3709 1113 3804 (circa
1142 3703 1294 3812 Olymp.
1312 3714 1410 3806 50.),
1444 3733 1518 3811 qua
1549 3704 1671 3782 Plinio
1706 3723 1856 3784 auctore
1888 3708 2086 3806 (xxxvi,

453 3840 490 3914 l.
510 3837 562 3936 t.)
593 3832 789 3936 Dipoenus
823 3847 861 3905 et
893 3829 1027 3935 Scyllis
1058 3833 1170 3935 primi
1204 3831 1467 3907 inclaruerunt.
1526 3831 1655 3934 Atqui,
1691 3835 1723 3906 si
1752 3831 1924 3937 Aesopus
1959 3851 2089 3910 noster

451 3985 536 4036 curn
570 3955 743 4032 iratribus
780 3958 854 4030 suis
887 3952 1038 4030 Solonis
1070 3971 1188 4031 aetate
1221 3982 1265 4032 ex
1299 3979 1480 4031 marmore
1512 3953 1766 4030 Proconnesia
1797 3954 1938 4056 (Strab.
1957 3956 2088 4058 XlII.)

450 4098 594 4160 tantum
627 4105 705 4156 non
738 4066 848 4183 primi
881 4069 1004 4156 ciuicas
1035 4079 1225 4172 fecissent,
1261 4105 1340 4155 non
1374 4093 1431 4154 est
1461 4078 1657 4183 probabile
1689 4077 1853 4155 futurum
1888 4081 2016 4176 iubae,
2049 4097 2091 4158 ut

452 4231 582 4283 sorum
607 4207 647 4280 in
673 4202 824 4278 histonii
850 4207 936 4278 artis
962 4202 1207 4306 negligeretur
1232 4206 1421 4278 memoria.
1462 4200 1561 4278 Vide
1585 4199 1633 4276 de
1658 4199 1716 4276 his
1739 4201 1972 4280 Boeckbium
1997 4207 2089 4281 ube·

452 4331 550 4406 riora
580 4325 838 4419 disserentem,
873 4329 977 4402 cuius
1009 4307 1162 4402 omnino
1192 4324 1386 4431 probanda
1413 4329 1592 4402 sententia
1617 4341 1686 4418 est,
1718 4325 1878 4402 titulum
1893 4326 1997 4403 bunc
2023 4328 2090 4404 du·

451 4453 596 4560 plicam·
612 4453 691 4554 ipsa
716 4453 937 4553 repetitione
963 4467 1174 4555 suspectum
1195 4450 1245 4546 ,ad
1273 4450 1335 4525 illa
1353 4450 1547 4553 relegantis
1563 4464 1746 4552 tempora,
1774 4451 2091 4551 querelabundus

452 4577 688 4652 Gmccorum
712 4573 873 4647 moribus
898 4589 932 4649 et
956 4579 1091 4649 immid
1115 4585 1338 4676 irrumpente
1363 4571 1556 4648 ambitione
1570 4572 1683 4678 sora,
1711 4585 1825 4660 stom,
1848 4586 1976 4652 crustu
2000 4584 2090 4654 insa·

448 4699 595 4807 giniditt
616 4699 845 4798 privatorum
869 4701 1112 4800 impleverunt.
1919 4703 1924 4717 '

604 4819 679 4898 Sed
713 4837 754 4896 ut
787 4819 833 4896 ad
867 4823 1125 4926 inscriptiones
1155 4838 1298 4898 nostras
1323 4836 1562 4913 revertamur,
1597 4823 1636 4894 in
1661 4821 1784 4898 verbis
1807 4819 1973 4900 noianda
2000 4825 2091 4902 haec

452 4962 549 5024 sunt.
603 4946 648 5022 ln
680 4945 790 5022 titulo
822 4944 996 5022 inferiore
1027 4948 1204 5048 scriptum
1232 4945 1347 5022 babes
1373 4939 1600 5056 Προκονησίου,
1631 4945 1671 5018 in
1695 4949 1885 5050 superiore
1911 4958 2091 5058 Προκοννη-

453 5065 535 5146 σίου
574 5069 740 5175 Utraque
766 5071 918 5174 scriptio
944 5085 1040 5144 stare
1065 5084 1203 5172 potest3
1232 5095 1455 5173 quamquam
1480 5067 1618 5172 duplex
1644 5071 1677 5145 Ν
1701 5075 1816 5174 magis
1841 5087 1897 5150 est
1921 5098 1969 5150 ex
1986 5099 2090 5154 more
