4486 5908
448 395 500 470 82
694 454 697 460 .
1059 391 1158 470 Pana
1183 393 1217 470 1.
1262 393 1469 470 assason.

446 625 538 692 esse,
573 597 805 703 quadratario
838 596 885 673 de
918 597 1096 674 industrii
1128 594 1368 674 dedicationis
1403 598 1601 674 formulam
1628 625 1649 673 a
1676 598 1834 675 formula
1859 598 2085 704 prohibendi

445 727 671 827 seiungente,
706 727 846 826 primus
877 721 970 799 vidit
1001 721 1226 798 Boeclrhius.
1287 724 1418 825 Itaque
1449 727 1593 798 initium
1625 722 1669 799 fit
1699 751 1719 798 a
1754 728 1846 817 ΚΑΙ,
1882 723 1984 828 quod
2016 723 2084 798 alia

446 874 597 951 quoque
629 845 793 922 dedicata
828 845 956 923 Cereri
987 863 1025 922 et
1054 846 1212 922 Liberae
1245 862 1281 922 et
1313 846 1438 921 inseris
1469 845 1537 922 diis
1570 864 1703 923 essent.
1763 847 1888 950 Atque
1919 847 1989 924 hae
2021 873 2084 924 co·

444 971 590 1047 lumnae
621 975 659 1045 in
684 974 742 1046 via
769 969 815 1045 ad
842 975 1033 1046 introitum
1061 971 1209 1073 Triopii
1243 997 1287 1046 ex
1313 969 1469 1045 adverso
1493 969 1665 1046 videntur
1689 975 1831 1075 positae
1858 998 1951 1066 case,
1985 968 2083 1046 unde

444 1087 569 1203 μάρτυς
594 1089 714 1192 δαίμων
740 1089 852 1178 tratri,
880 1122 975 1199 quae
1002 1111 1058 1170 cst
1082 1095 1222 1171 Hecate
1240 1095 1373 1185 Diana,
1402 1099 1595 1172 triviorum
1612 1101 1759 1198 praeses
1777 1112 1814 1171 et
1830 1099 1971 1171 viarum
2021 1095 2083 1171 'De

444 1220 647 1295 inferorum
679 1217 835 1294 deorum
866 1219 970 1294 cultu
1002 1217 1048 1294 ad
1077 1219 1238 1324 Triopii,
1271 1235 1314 1296 ut
1337 1216 1497 1313 videtur,
1533 1218 1654 1294 Carini
1680 1220 1889 1326 exemplum
1916 1223 2083 1294 instituto

443 1342 527 1421 vide
557 1344 665 1449 plura
692 1369 754 1447 ap.
781 1342 948 1420 Boeclth.
978 1341 1023 1418 ad
1050 1343 1089 1420 h.
1107 1345 1135 1420 l.

1230 1617 1299 1706 34.
1368 1631 1371 1636 “

444 1781 479 1842 In
501 1778 666 1866 anaglypho
687 1799 852 1845 marmoreo
874 1801 908 1844 ex
929 1779 1145 1865 Peloponneso,
1165 1791 1199 1842 ut
1221 1780 1337 1856 dicitnr,
1359 1778 1456 1857 allato,
1480 1778 1610 1843 Wiltoni
1624 1801 1716 1863 prope
1731 1778 1922 1842 Sarisberiorn
1937 1781 1967 1842 in
1981 1781 2085 1842 lliuseo

568 1881 791 1945 Pembroliano.
824 1884 892 1943 Vid.
913 1883 1055 1966 Kennedy
1075 1881 1253 1964 description
1275 1880 1312 1943 ol'
1328 1880 1378 1942 tlte
1392 1881 1557 1964 antiquiticr
1570 1882 1626 1943 and
1640 1881 1802 1944 curiosities
1817 1881 1846 1942 in
1861 1881 2086 1958 Wiltonhoose,

568 1981 675 2044 sarisb.
700 1982 789 2048 1769.
812 1979 839 2044 d.
862 1983 951 2065 prael.
969 1983 1080 2046 XXVI.
1122 1983 1221 2044 Edidit
1247 1985 1311 2043 Jos·
1340 1981 1376 2044 de
1392 1982 1510 2043 Bimard
1532 1981 1558 2044 la
1580 1983 1674 2044 Bastia
1695 1994 1725 2044 et
1745 1995 1955 2044 commentatur
1976 1994 2020 2044 est
2041 2002 2086 2064 ap.

514 2123 519 2134 ι
568 2081 897 2165 Mursc1.p.35-48.
939 2084 1011 2146 lnde
1037 2084 1186 2167 petierunt
1212 2082 1393 2145 Benedictini
1415 2082 1493 2145 Nov.
1514 2095 1597 2144 tract.
1619 2082 1687 2166 dipl.
1699 2084 1722 2144 l.
1744 2082 1851 2166 poto.
1879 2083 1930 2163 (cl.
1952 2081 2084 2166 p.631.).

567 2185 696 2246 Boeckh.
718 2181 804 2246 babet
824 2185 909 2247 etiam
931 2207 967 2246 ex
987 2183 1098 2248 schedis
1113 2184 1229 2268 Spikeri
1250 2195 1280 2248 et
1295 2183 1421 2261 Mislleri,
1443 2184 1492 2266 qui
1507 2183 1639 2246 Wiltoni
1654 2183 1917 2268 tmnsscripserunt.
1944 2182 1991 2244 Cl.
2006 2183 2086 2244 llos'e

567 2285 660 2348 Inter.
681 2296 786 2346 vetust
807 2285 942 2347 tauLtl.
964 2285 1069 2367 p.331.
1172 2369 1174 2376 p
1820 2301 1824 2312 “

570 2455 971 2960 tat
991 2455 1972 2965 tutatuta

556 2845 985 3252 uiuet
1047 2963 1961 3484 *WNQQQ

599 3577 746 3654 Titulus
771 3567 1022 3690 Βουστροφηδὸν
1048 3560 1254 3658 recentiore
1281 3576 1394 3652 ductu
1421 3579 1577 3680 scriptus
1605 3593 1671 3652 est.
1712 3576 1793 3652 Nec
1814 3576 1957 3650 litterae
1976 3570 2082 3676 quid·

446 3729 558 3808 quam
583 3703 775 3806 praebent,
807 3702 908 3805 quod
935 3730 1020 3778 cum
1045 3704 1246 3803 scripturae
1272 3701 1380 3776 huius
1408 3705 1621 3804 antiquitate
1642 3727 1719 3775 non
1737 3703 1945 3774 conveniat.
1986 3696 2083 3772 Nam

446 3833 480 3903 Μ
509 3830 593 3905 satis
618 3831 810 3930 antiquum
838 3852 916 3902 esse
942 3825 1053 3921 docet
1078 3825 1179 3928 galea
1205 3825 1379 3900 Hieronis
1406 3826 1569 3923 (n.27.),
1598 3826 1664 3898 ubi
1689 3823 1750 3898 vel
1776 3827 1808 3898 Ν
1835 3822 1984 3925 vulgare
2013 3837 2078 3913 est,

445 3957 547 4029 carius
571 3951 692 4044 forma
718 3955 757 4026 in
782 3948 1017 4025 Bimardiano
1044 3949 1216 4053 exemplo
1243 3965 1391 4024 nostrae
1417 3951 1665 4053 inscriptionis
1690 3950 1818 4024 variat.
1865 3946 1926 4021 De
1953 3948 2082 4022 ceteris

444 4075 521 4153 vid.
550 4101 660 4179 supra
685 4073 874 4178 alphabet.
919 4073 1232 4177 Interpunctionis
1258 4075 1438 4146 rationem
1465 4075 1504 4145 in
1528 4069 1603 4146 fine
1628 4097 1753 4148 versus
1771 4069 1948 4174 exemplis
1966 4077 2078 4146 n.23.

447 4217 484 4276 et
512 4203 573 4274 at.
607 4197 773 4274 defendit
803 4195 1026 4290 Boeckhius,
1062 4197 1273 4300 comparatis
1303 4197 1543 4299 inscriptione
1575 4194 1752 4298 Sigeensi‚
1785 4197 1852 4272 ubi
1881 4193 1944 4270 vel
1975 4197 2080 4269 initio

446 4349 570 4403 versus
595 4325 791 4425 reperitur.
846 4319 920 4396 Sed
948 4319 1200 4424 diphthongus
1227 4322 1296 4395 ΟΥ
1322 4315 1379 4394 bis
1406 4320 1523 4421 eique
1547 4321 1587 4394 in
1612 4322 1870 4394 terminatione
1889 4319 2014 4412 obvia,
2042 4333 2081 4392 ut

445 4455 577 4539 not„
613 4450 698 4520 satis
731 4463 935 4549 suspectam
969 4443 1092 4521 reddit
1122 4444 1231 4519 lamus
1263 4443 1362 4517 tituli
1394 4446 1586 4544 originem.
1639 4443 1688 4517 Et
1719 4441 1895 4518 dialectus
1927 4447 2079 4517 omnino

445 4547 603 4675 vulgaris
637 4586 704 4662 cst,
745 4595 815 4644 nec
850 4568 1053 4672 quidquam
1093 4571 1186 4643 inest
1219 4581 1385 4644 vetustae
1418 4564 1566 4640 doricae
1597 4565 1658 4642 vel
1689 4564 1851 4642 aeolicae
1888 4570 2076 4642 orationis.

445 4693 655 4798 Anaglyphi
679 4694 829 4795 quidem
855 4692 990 4796 stylum
1015 4696 1176 4795 priscum
1201 4689 1377 4794 perhibet
1401 4689 1596 4783 Mirllerus,
1625 4686 1689 4764 sed
1714 4687 1915 4766 videndum
1936 4705 2006 4783 est,
2034 4715 2078 4764 ne

446 4825 566 4924 ipsum
600 4813 846 4920 anaglyphum
880 4797 928 4890 ad
957 4815 1114 4890 formam
1140 4818 1358 4918 antiquioris
1384 4813 1544 4916 exempli
1574 4813 1710 4888 factum
1736 4817 1783 4889 sit
1808 4830 1925 4889 aetate
1952 4839 2077 4890 recen·

445 4947 553 5020 tiore.
599 4937 754 5015 Accedit
779 4938 883 5042 quod
908 4937 1076 5014 adrasum
1100 4936 1261 5043 lapidem
1287 4937 1468 5012 Millerus
1494 4953 1612 5013 notat.
1652 4938 1709 5012 Ex
1736 4965 1812 5040 quo
1840 4935 1901 5014 hic
1928 4961 2078 5042 quoque

448 5065 651 5140 simulatam
676 5066 930 5167 antiquitatem
957 5089 1144 5166 agnoscas.
1164 5062 1309 5139 'Verba
1335 5077 1420 5136 sunt
1445 5060 1550 5137 haec:
