4562 5906
426 1411 494 1527 pla
524 1420 724 1526 oporteat,
754 1421 800 1490 nt
827 1409 869 1490 in
900 1409 999 1492 artis
1028 1401 1208 1490 sormam
1238 1409 1494 1503 conveniant,
1522 1420 1613 1492 tum
1642 1405 1895 1494 fructuosior
1918 1411 2059 1494 iucun-

426 1571 604 1685 diorque
641 1573 823 1686 cognitio
859 1565 950 1654 sore
985 1566 1148 1652 videtur
1183 1597 1240 1661 ea,
1278 1595 1383 1683 quae
1412 1571 1454 1650 in
1484 1571 1634 1652 animis
1663 1599 1823 1666 eorum,
1864 1575 1934 1686 qui
1965 1601 2061 1656 con·

423 1730 697 1847 templentur,
733 1741 931 1844 tanquam
968 1733 1173 1814 nascentis
1209 1732 1268 1813 rei
1304 1732 1531 1847 imaginem
1568 1729 1792 1846 relinquat,
1828 1734 1871 1814 iu
1912 1729 2060 1818 litteris

426 1895 673 2011 praesertim
703 1919 808 2006 quae
836 1892 969 2006 magis
998 1888 1206 1974 deterrere
1232 1887 1454 2006 plerosque
1478 1889 1530 1972 ab
1551 1894 1716 2006 incepto
1739 1921 1866 2006 quam
1888 1895 2062 1980 invitare

428 2070 551 2169 atque
580 2050 743 2137 allicere
769 2048 996 2138 videantur.
1016 2043 1034 2114 .'
1059 2046 1330 2166 Quamquam
1366 2046 1471 2133 mihi
1505 2051 1676 2166 quidem
1703 2051 1768 2137 val
1791 2056 1855 2137 sic
1883 2083 1950 2138 res
1979 2059 2062 2171 epi·

426 2209 646 2335 graphicae
670 2225 810 2329 gratae
831 2241 1000 2326 semper
1022 2209 1307 2324 iucundaeque
1327 2206 1506 2310 luerunt,
1534 2209 1649 2327 quod
1671 2217 1810 2298 nescio
1832 2243 1918 2328 qno
1942 2229 2061 2330 pacto

425 2377 751 2492 propinquiores
791 2367 897 2455 mihi
938 2384 1097 2456 veteres
1139 2368 1287 2455 Graeci
1327 2369 1582 2469 videbantur,
1622 2367 1968 2490 quotiescumque
2007 2371 2062 2460 ad

422 2553 640 2620 'marmora
671 2563 819 2618 eorum
849 2561 1113 2618 accesseram.
1175 2529 1320 2646 ltaque
1347 2532 1697 2647 inscriptionibus,
1726 2549 1934 2650 quotquot
1955 2549 2061 2622 aeta·

421 2685 513 2782 tem
541 2689 736 2788 tulerunt,
765 2696 1048 2810 pervestigatio
1068 2723 1146 2778 eas
1175 2690 1289 2808 elegi,
1319 2722 1424 2808 quae
1453 2691 1791 2780 accommodatae
1814 2695 1872 2779 a'd
1900 2699 2061 2780 institu-

334 2945 341 2954 ,
426 2871 520 2942 tum
547 2883 691 2939 meum
721 2851 969 2948 viderentur,
999 2866 1122 2969 atque
1146 2855 1300 2936 notatis
1324 2851 1608 2969 distinctisque
1627 2855 1888 2971 temporibus
1911 2857 1952 2938 in
1975 2887 2060 2942 cer·

421 3033 490 3103 tas
520 3029 671 3102 aetates
701 2973 862 3098 coactas
891 3015 946 3096 ita
976 3011 1173 3127 disposui,
1211 3026 1265 3108 ut,
1305 3016 1561 3128 pertractatis
1589 3013 1719 3100 titulis
1749 3019 2060 3133 antiquissimis,

427 3184 470 3264 in
500 3207 747 3290 unaquaque
775 3187 906 3258 aetate
936 3177 1118 3288 primum
1149 3167 1317 3269 Atticas,
1345 3171 1495 3292 deinde
1525 3188 1753 3259 ceterarum
1782 3181 1972 3293 gentium
2000 3181 2061 3264 in-

427 3341 675 3453 scriptiones
704 3357 968 3448 exponerem.
1020 3329 1228 3448 Epoehae
1257 3347 1397 3418 autem
1427 3347 1472 3418 ut
1501 3365 1548 3419 ex
1577 3331 1811 3420 Atticorum
1840 3336 2063 3428 titulorum

428 3495 589 3584 ratione
625 3487 966 3612 palaeographica
1004 3497 1366 3588 constituerentur,
1409 3490 1564 3577 horum
1608 3510 1986 3584 monumentorum
2023 3514 2064 3588 et

429 3673 573 3744 natura
610 3655 806 3740 disertior
842 3666 882 3738 et
918 3657 1036 3770 copia
1069 3649 1251 3768 amplior
1280 3655 1553 3770 praescripsit.
1624 3651 1685 3738 'Ex
1714 3653 1799 3771 quo
1828 3653 1875 3743 fit
1903 3673 2063 3747 utnon

421 3819 568 3908 solum
597 3847 695 3908 usus
724 3809 931 3900 scribendi
960 3829 1001 3900 et
1029 3809 1348 3933 palaeographia
1373 3813 1507 3930 qualis
1528 3818 1571 3898 in
1595 3814 1743 3900 litteris
1764 3816 1939 3933 publicis
1962 3849 2063 3934 quo-

428 3985 490 4067 vis
518 3993 709 4094 tempore
751 3975 1007 4090 diversisque
1034 3971 1085 4060 inf
1106 3975 1349 4092 regionibus
1374 3941 1715 4074 obtinuerit,·sed
1743 3981 1871 4062 etiam
1901 3977 2063 4069 dialecti

419 4129 646 4259 quomodo
669 4135 883 4252 paullatim
907 4138 949 4220 in
972 4129 1243 4220 communem
1268 4134 1453 4254 linguam
1475 4119 1726 4232 transierint,
1755 4143 1983 4224 accuratius
2004 4146 2064 4228 in·

420 4299 555 4418 telligi
573 4303 722 4414 possit'
752 4293 938 4380 Plurima
956 4300 1084 4414 igitur
1099 4295 1221 4379 nobis
1237 4295 1431 4380 videmur
1445 4299 1505 4382 rei
1523 4291 1810 4417 epigraphicae
1826 4297 2064 4389 adiumenta

428 4461 623 4553 attulisse,
646 4461 716 4572 qui
734 4471 774 4543 et
790 4457 996 4541 tironibus
1019 4471 1234 4573 praecepta
1257 4453 1308 4540 de
1328 4454 1547 4541 titulorum
1568 4457 1881 4543 tractandorum
1904 4468 2064 4549 ratione

417 4646 581 4742 'magna
606 4649 702 4702 cum
729 4620 1020 4704 exercitatione
1042 4614 1245 4733 gustanda
1270 4614 1508 4701 dederimus
1533 4633 1572 4702 et
1588 4615 1714 4702 simul
1729 4623 1791 4714 iis,
1811 4625 1884 4734 qui
1904 4623 2066 4737 palaeo-

417 4779 625 4904 ·graphiae
651 4773 938 4897 epigraphicae
962 4775 1271 4873 suntstudiosi,
1291 4805 1378 4860 non
1397 4774 1663 4862 defuerimus.
1689 4774 1850 4894 'Neque
1867 4777 1985 4870 facile
2006 4780 2065 4869 di-

428 4944 524 5031 velli
548 4942 725 5028 alterum
748 4929 797 5020 ab
821 4935 951 5020 altero
977 4939 1123 5050 potuit.
1171 4933 1280 5018 Nam
1305 4937 1671 5052 quemadmodum
1690 4967 1757 5022 ars
1784 4939 1982 5056 exemplis
2004 4973 2066 5030 ca·

431 5132 523 5193 rere
540 5095 631 5187 non
655 5110 802 5217 potest,
824 5089 880 5180 ita
901 5094 1090 5212 exempla
1108 5098 1339 5198 vimsuarn
1360 5095 1580 5215 lucemque
1602 5095 1761 5186 abacto
1783 5094 2044 5204 mutuantur.-
