4486 5908
755 447 880 498 rrrunr
906 447 1168 500 rnrnsrrssnu.
1202 428 1315 498 n.2t.
1804 426 1855 508 57

212 625 315 702 tulos
341 653 419 703 non
445 652 490 702 ex
516 627 719 722 imitatione
745 642 852 702 natos
878 652 955 722 esse
980 627 1040 703 vel
1067 655 1105 702 n.
1122 633 1179 700 12.
1206 624 1344 700 indicio
1362 649 1439 700 esse
1456 641 1592 729 potest,
1620 627 1660 702 in
1678 651 1756 730 quo
1773 653 1850 704 ma-

211 747 305 826 num
335 750 556 827 cavillatoris
588 776 782 853 agnoscas3
816 776 929 852 quem
960 776 1038 824 non
1070 748 1247 826 credibile
1280 765 1334 825 est
1359 751 1537 853 scripturi
1561 777 1714 826 usurum
1740 751 1851 827 fuisse

97 879 100 891 '
213 873 384 970 obsoleti
410 890 448 949 et
472 901 548 949 non
578 875 749 949 omnibus
775 875 864 948 notai
890 873 1105 976 aequalibus
1131 875 1217 949 suis.

366 997 445 1072 Iam
470 994 517 1072 de
543 1013 661 1072 aetate
686 997 879 1072 titulorum
905 1001 990 1072 md.
1007 1001 1094 1071 ets.
1115 1023 1223 1099 supra
1241 993 1411 1071 vidimus.
1454 994 1655 1100 Quumque
1671 1002 1850 1102 scriptura

214 1122 387 1196 omnibus
413 1119 470 1194 his
497 1121 574 1196 lere
600 1125 805 1194 eommunis
831 1124 877 1196 sit
893 1147 977 1196 cum
995 1119 1168 1194 columnia
1186 1120 1296 1194 Melit
1316 1122 1442 1217 (nst.
1465 1119 1512 1194 cf.
1534 1117 1679 1196 Introd.
1698 1148 1738 1224 p.
1754 1125 1846 1223 tt),

214 1250 343 1348 quam'
357 1269 441 1318 cum
467 1242 658 1319 Boeekhio
691 1242 736 1319 ad
763 1260 932 1349 tempora
959 1241 1110 1320 Solonis
1140 1244 1201 1320 vel
1226 1242 1405 1319 Pisistrati
1431 1243 1634 1338 retulimus,
1691 1243 1850 1322 Theraei

213 1393 366 1472 quoque
396 1367 495 1442 tituli
527 1371 720 1442 maximam
750 1385 895 1471 partem
921 1365 1050 1444 eadem
1075 1383 1244 1472 tempora
1269 1365 1442 1446 videntur
1466 1370 1658 1472 attingere,
1688 1372 1848 1474 exceptis

211 1500 299 1568 n.3.
330 1507 368 1568 et
392 1491 545 1568 fortasse
576 1493 635 1565 16.
670 1535 710 1550 -
1284 1490 1285 1493 ’

997 1817 1064 1904 21.

210 1974 369 2060 ίωοιίμίο
390 1977 541 2040 columnae
561 1978 677 2041 striatas
698 1976 850 2040 marmoris
870 1977 960 2054 Parii,
988 1977 1018 2040 iu
1040 1977 1203 2040 canaliculis
1224 1977 1285 2040 eius
1306 1990 1427 2040 exarata.
1469 1979 1691 2040 Monumentum
1713 1999 1748 2041 ex
1769 1977 1848 2042 Melo

337 2077 428 2140 insnli
454 2077 484 2139 in
511 2080 641 2140 Murcum
664 2079 826 2140 Nanianum
853 2078 963 2140 illatum
985 2089 1037 2140 est.
1078 2078 1240 2140 Edideruut
1261 2079 1384 2142 Hieron.
1405 2079 1438 2140 F.
1453 2079 1577 2155 Zaoetti,
1593 2079 1696 2141 Venet.
1714 2079 1805 2155 1755,
1818 2075 1848 2143 11.

338 2175 489 2254 Corsiuus,
516 2181 602 2240 Rom.
626 2177 714 2243 1756.
736 2176 764 2242 4.
808 2177 1346 2256 Clem2Grubissiclr.Venet1757·
1388 2179 1495 2240 Thom.
1515 2178 1655 2242 Perellius
1681 2179 1713 2241 in
1738 2178 1848 2242 Donati

338 2277 415 2340 Nor.
442 2278 561 2342 Miscell.
589 2281 710 2341 Lucens.
740 2281 836 2356 1773,
864 2280 968 2342 deinde
994 2278 1084 2344 1775.
1126 2281 1199 2342 llas.
1226 2280 1398 2345 Matthaeius
1423 2279 1553 2342 exercitt
1579 2300 1632 2361 per
1650 2291 1736 2340 satur.
1761 2276 1848 2362 pit.

337 2389 368 2440 et
388 2378 460 2440 Sim.
481 2380 647 2464 Magistrius
667 2382 754 2441 Rom.
779 2381 867 2445 1772.
908 2379 1013 2456 Lanei,
1039 2380 1142 2464 reggio
1163 2380 1193 2441 di
1213 2379 1313 2464 lingua
1333 2379 1397 2441 Etr.
1418 2380 1443 2440 I.
1464 2403 1492 2461 p.
1501 2381 1549 2442 93.
1591 2379 1724 2441 Donatus
1745 2377 1847 2462 Sopph

337 2477 425 2540 Thes.
446 2481 551 2540 Mutat.
573 2481 597 2540 1.
618 2481 741 2563 ptos.
762 2492 862 2562 postea
883 2482 922 2542 ΙΙ.
944 2505 972 2563 p.
980 2477 1049 2543 180.
1082 2480 1167 2541 Rich.
1187 2480 1287 2563 Payne
1309 2480 1431 2564 Knight,
1451 2477 1601 2563 analytical
1624 2479 1715 2562 Essay
1737 2496 1777 2540 on'
1796 2478 1848 2542 the

338 2577 437 2641 Greek
458 2579 599 2662 alphabet.
618 2581 707 2642 tabl.
722 2582 787 2642 nl.
831 2579 924 2642 Clam.
945 2581 1030 2664 Biagi
1055 2582 1136 2643 Mon.
1158 2580 1214 2642 Gr.
1242 2591 1273 2642 et
1299 2581 1361 2642 Lat.
1388 2583 1461 2641 Mos.
1482 2579 1558 2642 Nan.
1579 2577 1712 2662 Praeloq.
1733 2578 1772 2639 11.
1794 2577 1847 2660 (el.
1891 2603 1898 2614 ·

336 2679 494 2762 punt.)
517 2692 546 2742 et
567 2679 698 2762 rsa-36.
739 2681 810 2743 heri
831 2681 919 2743 incisa
939 2681 1001 2744 siue
1022 2681 1100 2744 notis
1120 2693 1164 2743 est
1180 2679 1292 2743 incoll.
1307 2683 1380 2742 Mus
1395 2681 1470 2742 Nan.
1484 2681 1550 2742 n·8.
1591 2679 1742 2742 Tractavit
1761 2679 1847 2743 etiam

338 2779 488 2842 Welckcr.
517 2780 546 2842 in
573 2782 675 2864 Epigr.
701 2781 830 2866 spicileg.
858 2781 950 2844 altero
972 2783 1057 2844 att.
1079 2781 1196 2864 p-5·sq.
1239 2780 1330 2856 Quod
1358 2780 1436 2843 dedit
1462 2779 1591 2844 Boeckh.
1612 2779 1785 2863 exemplum,
1812 2801 1847 2843 ea

335 2881 581 2942 consentientibus
600 2879 740 2943 Italorum
763 2881 923 2943 minoribus
943 2880 1130 2966 apographis,
1152 2903 1218 2944 enm
1239 2882 1349 2943 maiore
1370 2882 1479 2942 Donati
1500 2903 1517 2942 a
1536 2882 1581 2943 Io.
1595 2883 1680 2963 Rape
1695 2879 1847 2963 Schiopal·

335 2980 398 3044 alha
424 2981 511 3044 misso
538 2979 659 3058 collatis,
686 2995 828 3058 accurate,
855 2982 905 3044 sed
932 2981 1027 3046 forma
1053 2980 1152 3064 paullo
1177 2980 1318 3065 ampliore
1339 3003 1424 3063 qoam
1445 2982 1521 3064 apud
1541 2979 1607 3043 illos
1629 2981 1845 3064 exprimendum

336 3082 456 3146 meavit.
499 3081 546 3170 Cf.
568 3083 658 3160 Rose,
678 3083 769 3168 lnser.
784 3085 897 3144 Vetust.
919 3082 1048 3144 tab.le
1063 3083 1169 3164 pttt.

731 3219 870 3301 [Tectum
884 3226 948 3300 utile
957 3242 1028 3293 pag.
1041 3243 1099 3296 req.
1112 3217 1327 3300 interpositum]

362 3355 585 3431 Litterarum
617 3354 757 3433 formae
789 3357 1061 3458 antiquissimae
1092 3369 1192 3428 sunt.
1245 3359 1280 3430 Μ
1314 3370 1369 3429 est
1400 3357 1526 3456 sigma,
1561 3368 1599 3429 et
1629 3353 1674 3447 μῦ
1702 3354 1740 3434 Μ
1767 3379 1844 3431 uno

208 3482 315 3582 apice
342 3495 503 3554 auctum.
534 3477 594 3554 Cf.
621 3479 808 3582 alphabet.
833 3478 1012 3554 Phoenic.
1066 3478 1148 3552 Iota
1174 3491 1229 3552 est
1256 3479 1304 3570 la,
1335 3476 1491 3554 Gamma
1507 3481 1539 3556 'l
1558 3501 1670 3580 quam
1687 3476 1843 3553 sormam

207 3606 249 3677 in
274 3607 452 3706 scripturi
480 3629 500 3678 a
526 3600 674 3677 dexteri
700 3601 745 3677 ad
772 3602 913 3679 laevam
938 3600 1129 3677 habuerat.
1184 3599 1247 3676 Cf.
1276 3600 1423 3706 alphab.
1441 3603 1511 3677 titt.
1528 3615 1659 3676 retust
1676 3598 1844 3676 Lambda
1888 3691 1891 3696 Ι

201 3733 250 3818 -t,
284 3729 387 3801 cuins
419 3729 458 3801 in
483 3753 537 3802 rs.
551 3735 586 3802 2.
616 3744 817 3802 transversa
850 3726 947 3800 linea
973 3724 1130 3800 fracturis
1155 3726 1279 3827 periit.
1332 3725 1445 3800 Delta
1469 3721 1618 3824 vulgare
1645 3737 1713 3798 cst.
1765 3703 1843 3799 'sed

207 3853 375 3954 inprimis
407 3849 659 3924 memorabilia
692 3866 777 3924 sunt
810 3854 888 3941 ΚΜ,
922 3873 994 3952 pro
1027 3873 1103 3950 quo
1126 3847 1243 3922 Attici
1269 3862 1480 3924 constanter
1504 3847 1563 3926 X5
1595 3848 1638 3945 (i.
1651 3871 1685 3920 e.
1713 3847 1777 3945 Ξ),
1807 3862 1845 3924 et

210 3977 282 4053 ΡΗ
299 3999 369 4078 pro
387 3977 440 4068 (Ι),
470 3978 533 4052 ΚΗ
561 4000 631 4078 pro
657 3979 690 4052 Χ
717 3971 763 4048 de
783 3973 916 4076 quibus
933 3967 1018 4047 ride
1034 3969 1179 4046 Introd.
1200 3997 1237 4074 p.
1249 3975 1303 4045 19.
1313 3979 1371 4045 20.
1389 3987 1426 4048 et
1441 3969 1593 4074 alphab.
1613 3972 1687 4045 titt.
1707 3984 1840 4046 retust.

208 4097 473 4202 Diphthongos
499 4102 569 4176 ΟΥ
594 4103 689 4172 inest
715 4099 753 4171 in
778 4122 869 4173 rocc
898 4096 1116 4174 ΗΟΥΤΟΜ
1144 4087 1282 4193 (οὗτος),
1310 4095 1350 4170 in
1377 4121 1449 4198 qua
1472 4119 1553 4171 eam
1575 4107 1716 4168 mature
1733 4095 1843 4168 etiam

208 4223 366 4299 Athenis
390 4239 576 4327 receptam
608 4223 718 4296 luisse
744 4237 872 4324 postea
897 4217 1117 4296 videbimus.
1171 4217 1311 4295 Littera
1338 4222 1374 4294 Ο
1399 4215 1527 4321 paullo
1554 4219 1698 4291 minore
1723 4216 1843 4292 sormi

197 4340 353 4426 etanta
380 4372 496 4450 quum
521 4349 792 4450 antiquissimae
819 4346 1033 4419 sessorum
1058 4345 1255 4417 recentiori
1281 4344 1487 4417 communis
1513 4354 1582 4433 est;
1610 4338 1659 4414 cf.
1689 4339 1839 4445 alphab.

207 4477 282 4548 titt.
309 4487 448 4550 taust.
481 4477 595 4575 plo.
652 4469 826 4546 Ceterum
857 4469 998 4542 striatas
1030 4465 1220 4542 columnas
1251 4479 1393 4540 mature
1425 4467 1465 4540 in
1489 4490 1560 4539 usu
1585 4462 1710 4556 fuisse,
1738 4480 1842 4542 retu-

207 4594 376 4688 stissima,
408 4615 501 4699 quae
527 4610 736 4699 supersunt,
764 4593 895 4668 Dorici
921 4594 1043 4696 operis
1068 4589 1206 4693 templa
1234 4587 1382 4666 docent.
1421 4588 1553 4692 Itaque
1574 4585 1675 4662 hunc
1692 4585 1840 4663 titulum
1923 4597 1928 4610 '
1975 4651 1985 4674 ,

207 4723 275 4824 qui
297 4715 462 4796 solonis
487 4718 550 4795 rel
580 4713 757 4801 Pisistrati
787 4733 906 4793 aetate
933 4731 1119 4792 exaratum
1143 4730 1263 4820 putet,
1298 4739 1377 4790 non
1401 4737 1625 4824 magnopere
1651 4713 1836 4788 erraverit.

208 4843 332 4920 Verba
358 4841 516 4920 disticho
542 4859 720 4946 concepta
746 4840 838 4916 haec
863 4854 961 4915 sunta

505 4968 508 4976 ’
553 4971 638 5044 ‘nrt
658 4960 746 5050 Aris,
766 4957 958 5064 Ἐκφάντῳὶ
972 4956 1063 5064 δέξαι
1086 4953 1157 5037 rit
1182 4955 1322 5060 dpsvpis
1348 4950 1501 5052 ἄγαλμα·

509 5117 512 5127 ·
618 5087 673 5166 sol
695 5083 761 5200 γὰρ
785 5079 1002 5182 {rescripseras
1026 5085 1116 5161 τοῦτ’
1143 5080 1298 5162 ἐτέλεσσε
1323 5074 1466 5192 γρὸφων.

1497 5204 1534 5278 Η
