<?xml version="1.0" encoding="UTF-8"?>
<!DOCTYPE html PUBLIC "-//W3C//DTD XHTML 1.0 Transitional//EN"
    "http://www.w3.org/TR/xhtml1/DTD/xhtml1-transitional.dtd">
<html xmlns="http://www.w3.org/1999/xhtml" xml:lang="en" lang="en">
 <head>
  <title>
</title>
<meta http-equiv="Content-Type" content="text/html;charset=utf-8" />
  <meta name='ocr-system' content='tesseract 3.04.00' />
  <meta name='ocr-capabilities' content='ocr_page ocr_carea ocr_par ocr_line ocrx_word'/>
</head>
<body>
  <div class='ocr_page' id='page_1' title='image "./elementaepigrap00frangoog/elementaepigrap00frangoog_0010.png"; bbox 0 0 4562 5906; ppageno 0'>
   <div class='ocr_carea' id='block_1_1' title="bbox 217 1393 1860 2322">
    <p class='ocr_par' dir='ltr' id='par_1_1' title="bbox 217 1393 1860 2322">
     <span class='ocr_line' id='line_1_1' title="bbox 217 1393 1858 1514; baseline 0.001 -29"><span class='ocrx_word' id='word_1_1' title='bbox 217 1441 230 1496; x_wconf 39' lang='grc' dir='ltr'><strong>ξ</strong></span> <span class='ocrx_word' id='word_1_2' title='bbox 354 1395 523 1507; x_wconf 84' lang='lat' dir='ltr'>&#39;Quum</span> <span class='ocrx_word' id='word_1_3' title='bbox 561 1393 736 1492; x_wconf 79' lang='lat' dir='ltr'>Graecia</span> <span class='ocrx_word' id='word_1_4' title='bbox 773 1395 912 1486; x_wconf 86' lang='lat' dir='ltr'>relicta</span> <span class='ocrx_word' id='word_1_5' title='bbox 947 1393 1134 1482; x_wconf 85' lang='lat' dir='ltr'>Romam</span> <span class='ocrx_word' id='word_1_6' title='bbox 1172 1399 1381 1485; x_wconf 78' lang='lat' dir='ltr'><strong>venissem</strong></span> <span class='ocrx_word' id='word_1_7' title='bbox 1418 1409 1459 1484; x_wconf 89' lang='lat' dir='ltr'>ct</span> <span class='ocrx_word' id='word_1_8' title='bbox 1493 1395 1551 1485; x_wconf 91' lang='lat' dir='ltr'>ibi</span> <span class='ocrx_word' id='word_1_9' title='bbox 1589 1412 1683 1514; x_wconf 90' lang='lat' dir='ltr'>post</span> <span class='ocrx_word' id='word_1_10' title='bbox 1720 1401 1858 1486; x_wconf 86' lang='lat' dir='ltr'>varios</span> 
     </span>
     <span class='ocr_line' id='line_1_2' title="bbox 222 1555 1856 1674; baseline -0.004 -24"><span class='ocrx_word' id='word_1_11' title='bbox 222 1592 340 1650; x_wconf 89' lang='lat' dir='ltr'>casus</span> <span class='ocrx_word' id='word_1_12' title='bbox 368 1563 538 1647; x_wconf 88' lang='lat' dir='ltr'>initium</span> <span class='ocrx_word' id='word_1_13' title='bbox 559 1557 843 1672; x_wconf 81' lang='lat' dir='ltr'>requiescendi</span> <span class='ocrx_word' id='word_1_14' title='bbox 872 1571 997 1674; x_wconf 90' lang='lat' dir='ltr'>atque</span> <span class='ocrx_word' id='word_1_15' title='bbox 1024 1558 1212 1642; x_wconf 89' lang='lat' dir='ltr'>animum</span> <span class='ocrx_word' id='word_1_16' title='bbox 1243 1555 1294 1644; x_wconf 93' lang='lat' dir='ltr'>ad</span> <span class='ocrx_word' id='word_1_17' title='bbox 1325 1555 1532 1672; x_wconf 90' lang='lat' dir='ltr'>praeclara</span> <span class='ocrx_word' id='word_1_18' title='bbox 1557 1573 1700 1643; x_wconf 89' lang='lat' dir='ltr'>nostra</span> <span class='ocrx_word' id='word_1_19' title='bbox 1722 1559 1856 1644; x_wconf 86' lang='lat' dir='ltr'>studia</span> 
     </span>
     <span class='ocr_line' id='line_1_3' title="bbox 222 1715 1860 1837; baseline -0.002 -29"><span class='ocrx_word' id='word_1_20' title='bbox 222 1719 431 1816; x_wconf 82' lang='lat' dir='ltr'>referendi</span> <span class='ocrx_word' id='word_1_21' title='bbox 459 1715 564 1808; x_wconf 92' lang='lat' dir='ltr'>mihi</span> <span class='ocrx_word' id='word_1_22' title='bbox 593 1743 839 1810; x_wconf 84' lang='lat' dir='ltr'>concessum</span> <span class='ocrx_word' id='word_1_23' title='bbox 866 1717 1064 1816; x_wconf 86' lang='lat' dir='ltr'>viderem,</span> <span class='ocrx_word' id='word_1_24' title='bbox 1097 1731 1265 1837; x_wconf 83' lang='lat' dir='ltr'>rogatus</span> <span class='ocrx_word' id='word_1_25' title='bbox 1291 1748 1416 1833; x_wconf 82' lang='lat' dir='ltr'><strong>saepe</strong></span> <span class='ocrx_word' id='word_1_26' title='bbox 1456 1717 1506 1804; x_wconf 92' lang='lat' dir='ltr'>ab</span> <span class='ocrx_word' id='word_1_27' title='bbox 1536 1721 1679 1807; x_wconf 87' lang='lat' dir='ltr'>amicis</span> <span class='ocrx_word' id='word_1_28' title='bbox 1709 1735 1753 1807; x_wconf 90' lang='lat' dir='ltr'>ut</span> <span class='ocrx_word' id='word_1_29' title='bbox 1781 1716 1860 1814; x_wconf 69' lang='lat' dir='ltr'>ele,-</span> 
     </span>
     <span class='ocr_line' id='line_1_4' title="bbox 220 1875 1860 2007; baseline -0.005 -34"><span class='ocrx_word' id='word_1_30' title='bbox 220 1897 362 1973; x_wconf 87' lang='lat' dir='ltr'>menta</span> <span class='ocrx_word' id='word_1_31' title='bbox 410 1875 693 2007; x_wconf 75' lang='lat' dir='ltr'>epigrapbices</span> <span class='ocrx_word' id='word_1_32' title='bbox 736 1897 906 2000; x_wconf 80' lang='lat' dir='ltr'>graecae</span> <span class='ocrx_word' id='word_1_33' title='bbox 950 1909 1272 1995; x_wconf 80' lang='lat' dir='ltr'>componerem,</span> <span class='ocrx_word' id='word_1_34' title='bbox 1315 1877 1486 1967; x_wconf 88' lang='lat' dir='ltr'>tandem</span> <span class='ocrx_word' id='word_1_35' title='bbox 1523 1879 1727 1967; x_wconf 84' lang='lat' dir='ltr'>industria</span> <span class='ocrx_word' id='word_1_36' title='bbox 1763 1909 1860 1966; x_wconf 88' lang='lat' dir='ltr'>mea</span> 
     </span>
     <span class='ocr_line' id='line_1_5' title="bbox 220 2036 1860 2160; baseline -0.002 -30"><span class='ocrx_word' id='word_1_37' title='bbox 220 2067 372 2136; x_wconf 82' lang='lat' dir='ltr'>eorum</span> <span class='ocrx_word' id='word_1_38' title='bbox 407 2041 612 2131; x_wconf 82' lang='lat' dir='ltr'>voluntati</span> <span class='ocrx_word' id='word_1_39' title='bbox 645 2069 812 2130; x_wconf 87' lang='lat' dir='ltr'>morem</span> <span class='ocrx_word' id='word_1_40' title='bbox 848 2039 1079 2160; x_wconf 83' lang='lat' dir='ltr'>gerendum</span> <span class='ocrx_word' id='word_1_41' title='bbox 1117 2044 1266 2155; x_wconf 89' lang='lat' dir='ltr'>putavi.</span> <span class='ocrx_word' id='word_1_42' title='bbox 1326 2036 1436 2131; x_wconf 83' lang='lat' dir='ltr'>Nam</span> <span class='ocrx_word' id='word_1_43' title='bbox 1472 2072 1603 2158; x_wconf 89' lang='lat' dir='ltr'>quum</span> <span class='ocrx_word' id='word_1_44' title='bbox 1639 2071 1686 2130; x_wconf 85' lang='lat' dir='ltr'>ex</span> <span class='ocrx_word' id='word_1_45' title='bbox 1715 2045 1860 2128; x_wconf 91' lang='lat' dir='ltr'>inscri-</span> 
     </span>
     <span class='ocr_line' id='line_1_6' title="bbox 220 2199 1860 2322; baseline -0.003 -29"><span class='ocrx_word' id='word_1_46' title='bbox 220 2204 436 2322; x_wconf 88' lang='lat' dir='ltr'>ptionibus</span> <span class='ocrx_word' id='word_1_47' title='bbox 471 2233 559 2288; x_wconf 93' lang='lat' dir='ltr'>non</span> <span class='ocrx_word' id='word_1_48' title='bbox 595 2203 734 2291; x_wconf 90' lang='lat' dir='ltr'>minus</span> <span class='ocrx_word' id='word_1_49' title='bbox 770 2231 897 2317; x_wconf 88' lang='lat' dir='ltr'>quam</span> <span class='ocrx_word' id='word_1_50' title='bbox 934 2229 982 2291; x_wconf 81' lang='lat' dir='ltr'>ex</span> <span class='ocrx_word' id='word_1_51' title='bbox 1015 2200 1287 2316; x_wconf 79' lang='lat' dir='ltr'>scriptoribus</span> <span class='ocrx_word' id='word_1_52' title='bbox 1315 2205 1474 2320; x_wconf 85' lang='lat' dir='ltr'>graecis</span> <span class='ocrx_word' id='word_1_53' title='bbox 1502 2205 1694 2293; x_wconf 88' lang='lat' dir='ltr'>omnium</span> <span class='ocrx_word' id='word_1_54' title='bbox 1725 2199 1860 2318; x_wconf 86' lang='lat' dir='ltr'>philo·</span> 
     </span>
    </p>
   </div>
   <div class='ocr_carea' id='block_1_2' title="bbox 222 2355 1861 2490">
    <p class='ocr_par' dir='ltr' id='par_1_2' title="bbox 222 2355 1861 2490">
     <span class='ocr_line' id='line_1_7' title="bbox 222 2355 1861 2490; baseline -0.005 -34"><span class='ocrx_word' id='word_1_55' title='bbox 222 2363 574 2490; x_wconf 25' lang='lat' dir='ltr'>legiaelpartium</span> <span class='ocrx_word' id='word_1_56' title='bbox 611 2375 831 2476; x_wconf 87' lang='lat' dir='ltr'>promatur</span> <span class='ocrx_word' id='word_1_57' title='bbox 866 2365 1059 2457; x_wconf 83' lang='lat' dir='ltr'>materia,</span> <span class='ocrx_word' id='word_1_58' title='bbox 1101 2355 1252 2448; x_wconf 85' lang='lat' dir='ltr'>harum</span> <span class='ocrx_word' id='word_1_59' title='bbox 1293 2360 1543 2460; x_wconf 79' lang='lat' dir='ltr'>litterarum,</span> <span class='ocrx_word' id='word_1_60' title='bbox 1587 2393 1636 2450; x_wconf 85' lang='lat' dir='ltr'>ex</span> <span class='ocrx_word' id='word_1_61' title='bbox 1673 2392 1757 2477; x_wconf 90' lang='lat' dir='ltr'>quo</span> <span class='ocrx_word' id='word_1_62' title='bbox 1793 2360 1861 2448; x_wconf 86' lang='lat' dir='ltr'>Tu</span> 
     </span>
    </p>
   </div>
   <div class='ocr_carea' id='block_1_3' title="bbox 182 2519 1984 5214">
    <p class='ocr_par' dir='ltr' id='par_1_3' title="bbox 182 2519 1863 4086">
     <span class='ocr_line' id='line_1_8' title="bbox 219 2519 1862 2638; baseline -0.005 -24"><span class='ocrx_word' id='word_1_63' title='bbox 219 2557 376 2616; x_wconf 88' lang='lat' dir='ltr'>novam</span> <span class='ocrx_word' id='word_1_64' title='bbox 420 2529 473 2614; x_wconf 82' lang='lat' dir='ltr'>iis</span> <span class='ocrx_word' id='word_1_65' title='bbox 514 2521 650 2610; x_wconf 90' lang='lat' dir='ltr'>lucem</span> <span class='ocrx_word' id='word_1_66' title='bbox 693 2533 732 2614; x_wconf 83' lang='lat' dir='ltr'>et</span> <span class='ocrx_word' id='word_1_67' title='bbox 778 2525 1100 2637; x_wconf 83' lang='lat' dir='ltr'>inexspectatam</span> <span class='ocrx_word' id='word_1_68' title='bbox 1141 2519 1331 2619; x_wconf 78' lang='lat' dir='ltr'>attulisti.</span> <span class='ocrx_word' id='word_1_69' title='bbox 1373 2536 1530 2615; x_wconf 81' lang='lat' dir='ltr'>mutata</span> <span class='ocrx_word' id='word_1_70' title='bbox 1568 2534 1738 2638; x_wconf 88' lang='lat' dir='ltr'>repente</span> <span class='ocrx_word' id='word_1_71' title='bbox 1773 2535 1862 2608; x_wconf 84' lang='lat' dir='ltr'>tota</span> 
     </span>
     <span class='ocr_line' id='line_1_9' title="bbox 221 2678 1862 2802; baseline -0.004 -25"><span class='ocrx_word' id='word_1_72' title='bbox 221 2683 358 2778; x_wconf 72' lang='lat' dir='ltr'>torma</span> <span class='ocrx_word' id='word_1_73' title='bbox 389 2699 469 2781; x_wconf 82' lang='lat' dir='ltr'>est.</span> <span class='ocrx_word' id='word_1_74' title='bbox 489 2697 552 2776; x_wconf 82' lang='lat' dir='ltr'>ut</span> <span class='ocrx_word' id='word_1_75' title='bbox 580 2679 698 2774; x_wconf 80' lang='lat' dir='ltr'>facile</span> <span class='ocrx_word' id='word_1_76' title='bbox 728 2696 869 2798; x_wconf 80' lang='lat' dir='ltr'>posset</span> <span class='ocrx_word' id='word_1_77' title='bbox 897 2679 1088 2802; x_wconf 71' lang='lat' dir='ltr'><strong>intelligi,</strong></span> <span class='ocrx_word' id='word_1_78' title='bbox 1120 2711 1252 2800; x_wconf 83' lang='lat' dir='ltr'>genus</span> <span class='ocrx_word' id='word_1_79' title='bbox 1281 2678 1363 2766; x_wconf 91' lang='lat' dir='ltr'>hoc</span> <span class='ocrx_word' id='word_1_80' title='bbox 1391 2680 1591 2770; x_wconf 80' lang='lat' dir='ltr'>diffusum</span> <span class='ocrx_word' id='word_1_81' title='bbox 1620 2696 1659 2768; x_wconf 90' lang='lat' dir='ltr'>et</span> <span class='ocrx_word' id='word_1_82' title='bbox 1691 2683 1862 2799; x_wconf 88' lang='lat' dir='ltr'>dissipa-</span> 
     </span>
     <span class='ocr_line' id='line_1_10' title="bbox 218 2840 1863 2964; baseline -0.004 -30"><span class='ocrx_word' id='word_1_83' title='bbox 218 2863 313 2937; x_wconf 83' lang='lat' dir='ltr'>tum</span> <span class='ocrx_word' id='word_1_84' title='bbox 342 2851 375 2934; x_wconf 90' lang='lat' dir='ltr'>si</span> <span class='ocrx_word' id='word_1_85' title='bbox 407 2849 500 2962; x_wconf 90' lang='lat' dir='ltr'>quis</span> <span class='ocrx_word' id='word_1_86' title='bbox 528 2857 616 2933; x_wconf 86' lang='lat' dir='ltr'>arte</span> <span class='ocrx_word' id='word_1_87' title='bbox 645 2840 951 2964; x_wconf 67' lang='lat' dir='ltr'>conglutinaret</span> <span class='ocrx_word' id='word_1_88' title='bbox 977 2873 1025 2936; x_wconf 87' lang='lat' dir='ltr'>ac</span> <span class='ocrx_word' id='word_1_89' title='bbox 1049 2844 1213 2930; x_wconf 89' lang='lat' dir='ltr'>ratione</span> <span class='ocrx_word' id='word_1_90' title='bbox 1236 2841 1415 2957; x_wconf 90' lang='lat' dir='ltr'>quadam</span> <span class='ocrx_word' id='word_1_91' title='bbox 1438 2848 1751 2961; x_wconf 82' lang='lat' dir='ltr'>constringeret,</span> <span class='ocrx_word' id='word_1_92' title='bbox 1779 2856 1863 2929; x_wconf 89' lang='lat' dir='ltr'>stu-</span> 
     </span>
     <span class='ocr_line' id='line_1_11' title="bbox 224 2999 1861 3118; baseline -0.006 -20"><span class='ocrx_word' id='word_1_93' title='bbox 224 3007 356 3098; x_wconf 81' lang='lat' dir='ltr'>diosis</span> <span class='ocrx_word' id='word_1_94' title='bbox 390 3030 533 3092; x_wconf 85' lang='lat' dir='ltr'>rerum</span> <span class='ocrx_word' id='word_1_95' title='bbox 569 3005 833 3114; x_wconf 86' lang='lat' dir='ltr'>antiquarum</span> <span class='ocrx_word' id='word_1_96' title='bbox 870 2999 979 3091; x_wconf 89' lang='lat' dir='ltr'>haud</span> <span class='ocrx_word' id='word_1_97' title='bbox 1019 3005 1207 3118; x_wconf 72' lang='lat' dir='ltr'>exiguam</span> <span class='ocrx_word' id='word_1_98' title='bbox 1243 3001 1463 3088; x_wconf 78' lang='lat' dir='ltr'>utilitatem</span> <span class='ocrx_word' id='word_1_99' title='bbox 1501 3032 1591 3088; x_wconf 90' lang='lat' dir='ltr'>esse</span> <span class='ocrx_word' id='word_1_100' title='bbox 1628 3001 1861 3089; x_wconf 87' lang='lat' dir='ltr'>allaturum.</span> 
     </span>
     <span class='ocr_line' id='line_1_12' title="bbox 218 3155 1863 3271; baseline -0.004 -16"><span class='ocrx_word' id='word_1_101' title='bbox 218 3163 284 3257; x_wconf 79' lang='lat' dir='ltr'>lta</span> <span class='ocrx_word' id='word_1_102' title='bbox 310 3161 484 3256; x_wconf 77' lang='lat' dir='ltr'>,Itomae</span> <span class='ocrx_word' id='word_1_103' title='bbox 520 3174 615 3252; x_wconf 85' lang='lat' dir='ltr'>nata</span> <span class='ocrx_word' id='word_1_104' title='bbox 650 3155 754 3250; x_wconf 83' lang='lat' dir='ltr'>baec</span> <span class='ocrx_word' id='word_1_105' title='bbox 785 3173 884 3252; x_wconf 83' lang='lat' dir='ltr'>suut</span> <span class='ocrx_word' id='word_1_106' title='bbox 919 3159 1122 3252; x_wconf 84' lang='lat' dir='ltr'>elementa</span> <span class='ocrx_word' id='word_1_107' title='bbox 1159 3173 1198 3249; x_wconf 87' lang='lat' dir='ltr'>et</span> <span class='ocrx_word' id='word_1_108' title='bbox 1235 3161 1312 3249; x_wconf 87' lang='lat' dir='ltr'>sub</span> <span class='ocrx_word' id='word_1_109' title='bbox 1341 3165 1501 3248; x_wconf 90' lang='lat' dir='ltr'>mitiori</span> <span class='ocrx_word' id='word_1_110' title='bbox 1529 3161 1642 3249; x_wconf 86' lang='lat' dir='ltr'>caelo</span> <span class='ocrx_word' id='word_1_111' title='bbox 1673 3163 1863 3271; x_wconf 85' lang='lat' dir='ltr'>educata·;</span> 
     </span>
     <span class='ocr_line' id='line_1_13' title="bbox 182 3319 1862 3444; baseline -0.003 -30"><span class='ocrx_word' id='word_1_112' title='bbox 182 3431 191 3442; x_wconf 40' lang='lat'>‚</span> <span class='ocrx_word' id='word_1_113' title='bbox 220 3357 329 3444; x_wconf 84' lang='lat' dir='ltr'>quae</span> <span class='ocrx_word' id='word_1_114' title='bbox 359 3337 403 3413; x_wconf 90' lang='lat' dir='ltr'>ut</span> <span class='ocrx_word' id='word_1_115' title='bbox 432 3325 607 3412; x_wconf 90' lang='lat' dir='ltr'>nomine</span> <span class='ocrx_word' id='word_1_116' title='bbox 634 3349 831 3410; x_wconf 83' lang='lat' dir='ltr'>ornarem</span> <span class='ocrx_word' id='word_1_117' title='bbox 859 3319 966 3416; x_wconf 60' lang='lat' dir='ltr'>Tuot</span> <span class='ocrx_word' id='word_1_118' title='bbox 995 3351 1081 3410; x_wconf 92' lang='lat' dir='ltr'>non</span> <span class='ocrx_word' id='word_1_119' title='bbox 1111 3349 1180 3408; x_wconf 87' lang='lat' dir='ltr'>me</span> <span class='ocrx_word' id='word_1_120' title='bbox 1209 3319 1394 3418; x_wconf 82' lang='lat' dir='ltr'>ambitio.</span> <span class='ocrx_word' id='word_1_121' title='bbox 1431 3351 1565 3438; x_wconf 76' lang='lat' dir='ltr'>aqua</span> <span class='ocrx_word' id='word_1_122' title='bbox 1594 3321 1741 3408; x_wconf 88' lang='lat' dir='ltr'>absum</span> <span class='ocrx_word' id='word_1_123' title='bbox 1772 3322 1862 3424; x_wconf 69' lang='lat' dir='ltr'>lon</span> 
     </span>
     <span class='ocr_line' id='line_1_14' title="bbox 222 3479 1861 3608; baseline -0.001 -36"><span class='ocrx_word' id='word_1_124' title='bbox 222 3491 405 3608; x_wconf 72' lang='lat' dir='ltr'>gissimo</span> <span class='ocrx_word' id='word_1_125' title='bbox 433 3514 571 3598; x_wconf 85' lang='lat' dir='ltr'>neque</span> <span class='ocrx_word' id='word_1_126' title='bbox 599 3485 821 3596; x_wconf 85' lang='lat' dir='ltr'>aucupium</span> <span class='ocrx_word' id='word_1_127' title='bbox 843 3479 1168 3577; x_wconf 85' lang='lat' dir='ltr'>benevolentiae,</span> <span class='ocrx_word' id='word_1_128' title='bbox 1197 3511 1322 3596; x_wconf 88' lang='lat' dir='ltr'>quam</span> <span class='ocrx_word' id='word_1_129' title='bbox 1346 3479 1451 3568; x_wconf 86' lang='lat' dir='ltr'>mihi</span> <span class='ocrx_word' id='word_1_130' title='bbox 1474 3514 1560 3568; x_wconf 91' lang='lat' dir='ltr'>non</span> <span class='ocrx_word' id='word_1_131' title='bbox 1583 3483 1725 3572; x_wconf 86' lang='lat' dir='ltr'>deesse</span> <span class='ocrx_word' id='word_1_132' title='bbox 1747 3498 1861 3572; x_wconf 83' lang='lat' dir='ltr'>certo</span> 
     </span>
     <span class='ocr_line' id='line_1_15' title="bbox 219 3637 1860 3764; baseline -0.005 -26"><span class='ocrx_word' id='word_1_133' title='bbox 219 3653 322 3740; x_wconf 80' lang='lat' dir='ltr'>scio.</span> <span class='ocrx_word' id='word_1_134' title='bbox 358 3643 433 3736; x_wconf 89' lang='lat' dir='ltr'>sed</span> <span class='ocrx_word' id='word_1_135' title='bbox 470 3647 598 3758; x_wconf 87' lang='lat' dir='ltr'>pietas</span> <span class='ocrx_word' id='word_1_136' title='bbox 635 3671 681 3728; x_wconf 92' lang='lat' dir='ltr'>ac</span> <span class='ocrx_word' id='word_1_137' title='bbox 716 3640 863 3764; x_wconf 82' lang='lat' dir='ltr'>religio</span> <span class='ocrx_word' id='word_1_138' title='bbox 899 3646 1139 3729; x_wconf 74' lang='lat' dir='ltr'>commovit,</span> <span class='ocrx_word' id='word_1_139' title='bbox 1198 3637 1310 3729; x_wconf 80' lang='lat' dir='ltr'>Nam</span> <span class='ocrx_word' id='word_1_140' title='bbox 1340 3673 1481 3758; x_wconf 84' lang='lat' dir='ltr'>quum,</span> <span class='ocrx_word' id='word_1_141' title='bbox 1510 3673 1615 3758; x_wconf 89' lang='lat' dir='ltr'>quae</span> <span class='ocrx_word' id='word_1_142' title='bbox 1644 3641 1725 3728; x_wconf 92' lang='lat' dir='ltr'>boc</span> <span class='ocrx_word' id='word_1_143' title='bbox 1752 3642 1860 3730; x_wconf 92' lang='lat' dir='ltr'>libro</span> 
     </span>
     <span class='ocr_line' id='line_1_16' title="bbox 216 3799 1859 3926; baseline -0.005 -26"><span class='ocrx_word' id='word_1_144' title='bbox 216 3810 499 3902; x_wconf 81' lang='lat' dir='ltr'>continentur.</span> <span class='ocrx_word' id='word_1_145' title='bbox 529 3801 727 3918; x_wconf 75' lang='lat' dir='ltr'>pleraque</span> <span class='ocrx_word' id='word_1_146' title='bbox 755 3805 900 3926; x_wconf 78' lang='lat' dir='ltr'>omnia</span> <span class='ocrx_word' id='word_1_147' title='bbox 927 3799 1018 3894; x_wconf 87' lang='lat' dir='ltr'>Tua</span> <span class='ocrx_word' id='word_1_148' title='bbox 1045 3805 1139 3894; x_wconf 78' lang='lat' dir='ltr'>sint.</span> <span class='ocrx_word' id='word_1_149' title='bbox 1167 3832 1303 3926; x_wconf 85' lang='lat' dir='ltr'>neque</span> <span class='ocrx_word' id='word_1_150' title='bbox 1325 3801 1391 3894; x_wconf 90' lang='lat' dir='ltr'>Tu</span> <span class='ocrx_word' id='word_1_151' title='bbox 1419 3807 1603 3920; x_wconf 87' lang='lat' dir='ltr'>accipere</span> <span class='ocrx_word' id='word_1_152' title='bbox 1623 3802 1859 3924; x_wconf 77' lang='lat' dir='ltr'>gravaberis</span> 
     </span>
     <span class='ocr_line' id='line_1_17' title="bbox 218 3959 1289 4086; baseline -0.016 -24"><span class='ocrx_word' id='word_1_153' title='bbox 218 3983 267 4062; x_wconf 70' lang='lat' dir='ltr'>{et</span> <span class='ocrx_word' id='word_1_154' title='bbox 295 3997 373 4086; x_wconf 82' lang='lat' dir='ltr'>ego</span> <span class='ocrx_word' id='word_1_155' title='bbox 399 3963 497 4080; x_wconf 58' lang='lat' dir='ltr'>stibi</span> <span class='ocrx_word' id='word_1_156' title='bbox 525 3961 823 4054; x_wconf 77' lang='lat' dir='ltr'>noureddere&#39;</span> <span class='ocrx_word' id='word_1_157' title='bbox 842 3959 958 4051; x_wconf 74' lang='lat' dir='ltr'>nesus</span> <span class='ocrx_word' id='word_1_158' title='bbox 986 3961 1215 4054; x_wconf 71' lang='lat' dir='ltr'>essedum,</span> <span class='ocrx_word' id='word_1_159' title='bbox 1285 4015 1289 4028; x_wconf 90' lang='lat'>·</span> 
     </span>
    </p>

    <p class='ocr_par' dir='ltr' id='par_1_4' title="bbox 212 4118 1984 5214">
     <span class='ocr_line' id='line_1_18' title="bbox 263 4118 1863 4244; baseline 0.001 -33"><span class='ocrx_word' id='word_1_160' title='bbox 263 4212 267 4222; x_wconf 78' lang='grc'><strong><em>,</em></strong></span> <span class='ocrx_word' id='word_1_161' title='bbox 380 4121 508 4232; x_wconf 82' lang='lat' dir='ltr'>Quod</span> <span class='ocrx_word' id='word_1_162' title='bbox 545 4127 747 4239; x_wconf 84' lang='lat' dir='ltr'>quoniam</span> <span class='ocrx_word' id='word_1_163' title='bbox 775 4118 879 4216; x_wconf 85' lang='lat' dir='ltr'>milri</span> <span class='ocrx_word' id='word_1_164' title='bbox 909 4120 1132 4216; x_wconf 79' lang='lat' dir='ltr'>voluntatis</span> <span class='ocrx_word' id='word_1_165' title='bbox 1162 4121 1318 4220; x_wconf 77' lang='lat' dir='ltr'>accidit</span> <span class='ocrx_word' id='word_1_166' title='bbox 1354 4137 1400 4213; x_wconf 89' lang='lat' dir='ltr'>ut</span> <span class='ocrx_word' id='word_1_167' title='bbox 1428 4121 1717 4244; x_wconf 85' lang='lat' dir='ltr'>epigraphicen</span> <span class='ocrx_word' id='word_1_168' title='bbox 1748 4129 1863 4244; x_wconf 83' lang='lat' dir='ltr'>grae·</span> 
     </span>
     <span class='ocr_line' id='line_1_19' title="bbox 217 4283 1863 4404; baseline -0.002 -26"><span class='ocrx_word' id='word_1_169' title='bbox 217 4319 319 4378; x_wconf 82' lang='lat' dir='ltr'>cam</span> <span class='ocrx_word' id='word_1_170' title='bbox 348 4289 509 4403; x_wconf 87' lang='lat' dir='ltr'>primus</span> <span class='ocrx_word' id='word_1_171' title='bbox 537 4283 751 4376; x_wconf 76' lang='lat' dir='ltr'>edentem</span> <span class='ocrx_word' id='word_1_172' title='bbox 780 4283 993 4398; x_wconf 88' lang='lat' dir='ltr'>quandam</span> <span class='ocrx_word' id='word_1_173' title='bbox 1021 4313 1272 4380; x_wconf 80' lang='lat' dir='ltr'>revocarem.</span> <span class='ocrx_word' id='word_1_174' title='bbox 1299 4284 1726 4404; x_wconf 82' lang='lat' dir='ltr'>dicendnmvidetur,</span> <span class='ocrx_word' id='word_1_175' title='bbox 1761 4283 1863 4402; x_wconf 90' lang='lat' dir='ltr'>quid</span> 
     </span>
     <span class='ocr_line' id='line_1_20' title="bbox 225 4441 1862 4565; baseline -0.005 -24"><span class='ocrx_word' id='word_1_176' title='bbox 225 4456 270 4542; x_wconf 90' lang='lat' dir='ltr'>in</span> <span class='ocrx_word' id='word_1_177' title='bbox 305 4445 387 4538; x_wconf 89' lang='lat' dir='ltr'>hoc</span> <span class='ocrx_word' id='word_1_178' title='bbox 423 4445 530 4538; x_wconf 89' lang='lat' dir='ltr'>libro</span> <span class='ocrx_word' id='word_1_179' title='bbox 566 4443 813 4536; x_wconf 83' lang='lat' dir='ltr'>adornando</span> <span class='ocrx_word' id='word_1_180' title='bbox 851 4441 1015 4536; x_wconf 89' lang='lat' dir='ltr'>consilii</span> <span class='ocrx_word' id='word_1_181' title='bbox 1045 4448 1132 4536; x_wconf 86' lang='lat' dir='ltr'>sim</span> <span class='ocrx_word' id='word_1_182' title='bbox 1167 4457 1343 4536; x_wconf 81' lang='lat' dir='ltr'>secutus.</span> <span class='ocrx_word' id='word_1_183' title='bbox 1405 4441 1552 4560; x_wconf 83' lang='lat' dir='ltr'>Neque</span> <span class='ocrx_word' id='word_1_184' title='bbox 1581 4449 1695 4532; x_wconf 91' lang='lat' dir='ltr'>enim</span> <span class='ocrx_word' id='word_1_185' title='bbox 1724 4446 1766 4532; x_wconf 90' lang='lat' dir='ltr'>id</span> <span class='ocrx_word' id='word_1_186' title='bbox 1796 4449 1862 4565; x_wconf 82' lang='lat' dir='ltr'>egi</span> 
     </span>
     <span class='ocr_line' id='line_1_21' title="bbox 212 4605 1861 4724; baseline 0.003 -37"><span class='ocrx_word' id='word_1_187' title='bbox 212 4627 272 4702; x_wconf 77' lang='lat' dir='ltr'>,ut</span> <span class='ocrx_word' id='word_1_188' title='bbox 310 4607 600 4698; x_wconf 88' lang='lat' dir='ltr'>collectionem</span> <span class='ocrx_word' id='word_1_189' title='bbox 635 4609 956 4721; x_wconf 86' lang='lat' dir='ltr'>inscriptionum</span> <span class='ocrx_word' id='word_1_190' title='bbox 995 4633 1187 4720; x_wconf 86' lang='lat' dir='ltr'>pararem</span> <span class='ocrx_word' id='word_1_191' title='bbox 1223 4608 1518 4724; x_wconf 89' lang='lat' dir='ltr'>potiusquam</span> <span class='ocrx_word' id='word_1_192' title='bbox 1547 4619 1603 4704; x_wconf 78' lang='lat' dir='ltr'>ut.</span> <span class='ocrx_word' id='word_1_193' title='bbox 1631 4638 1737 4722; x_wconf 84' lang='lat' dir='ltr'>qnae</span> <span class='ocrx_word' id='word_1_194' title='bbox 1765 4605 1861 4692; x_wconf 87' lang='lat' dir='ltr'>inde</span> 
     </span>
     <span class='ocr_line' id='line_1_22' title="bbox 227 4763 1984 4885; baseline -0.007 -22"><span class='ocrx_word' id='word_1_195' title='bbox 227 4773 279 4864; x_wconf 87' lang='lat' dir='ltr'>ab</span> <span class='ocrx_word' id='word_1_196' title='bbox 315 4771 615 4885; x_wconf 85' lang='lat' dir='ltr'>antiquissimis</span> <span class='ocrx_word' id='word_1_197' title='bbox 650 4765 912 4881; x_wconf 82' lang='lat' dir='ltr'>temporibus</span> <span class='ocrx_word' id='word_1_198' title='bbox 949 4795 1081 4880; x_wconf 88' lang='lat' dir='ltr'>usqne</span> <span class='ocrx_word' id='word_1_199' title='bbox 1116 4765 1169 4853; x_wconf 87' lang='lat' dir='ltr'>ad</span> <span class='ocrx_word' id='word_1_200' title='bbox 1198 4780 1393 4881; x_wconf 87' lang='lat' dir='ltr'>quartum</span> <span class='ocrx_word' id='word_1_201' title='bbox 1423 4781 1518 4883; x_wconf 91' lang='lat' dir='ltr'>post</span> <span class='ocrx_word' id='word_1_202' title='bbox 1548 4763 1761 4857; x_wconf 88' lang='lat' dir='ltr'>Christum</span> <span class='ocrx_word' id='word_1_203' title='bbox 1791 4795 1862 4852; x_wconf 85' lang='lat' dir='ltr'>na·</span> <span class='ocrx_word' id='word_1_204' title='bbox 1980 4863 1984 4868; x_wconf 84' lang='lat'>.</span> 
     </span>
     <span class='ocr_line' id='line_1_23' title="bbox 217 4923 1860 5052; baseline -0.005 -32"><span class='ocrx_word' id='word_1_205' title='bbox 217 4946 318 5025; x_wconf 80' lang='lat' dir='ltr'>&#39;tum</span> <span class='ocrx_word' id='word_1_206' title='bbox 350 4927 582 5052; x_wconf 74' lang='lat' dir='ltr'>saeculum.</span> <span class='ocrx_word' id='word_1_207' title='bbox 600 4930 829 5043; x_wconf 80' lang='lat' dir='ltr'>scripturae</span> <span class='ocrx_word' id='word_1_208' title='bbox 858 4939 897 5016; x_wconf 84' lang='lat' dir='ltr'>et</span> <span class='ocrx_word' id='word_1_209' title='bbox 926 4923 1200 5020; x_wconf 87' lang='lat' dir='ltr'>dialectorum</span> <span class='ocrx_word' id='word_1_210' title='bbox 1229 4931 1335 5047; x_wconf 72' lang='lat' dir='ltr'>ratio</span> <span class='ocrx_word' id='word_1_211' title='bbox 1364 4940 1472 5020; x_wconf 84' lang='lat' dir='ltr'>esset</span> <span class='ocrx_word' id='word_1_212' title='bbox 1499 4931 1543 5017; x_wconf 90' lang='lat' dir='ltr'>in</span> <span class='ocrx_word' id='word_1_213' title='bbox 1573 4931 1860 5026; x_wconf 86' lang='lat' dir='ltr'>monumentis</span> 
     </span>
     <span class='ocr_line' id='line_1_24' title="bbox 226 5084 1863 5214; baseline -0.004 -30"><span class='ocrx_word' id='word_1_214' title='bbox 226 5091 413 5210; x_wconf 82' lang='lat' dir='ltr'>lapideis,</span> <span class='ocrx_word' id='word_1_215' title='bbox 439 5086 494 5178; x_wconf 87' lang='lat' dir='ltr'>ob</span> <span class='ocrx_word' id='word_1_216' title='bbox 523 5085 668 5180; x_wconf 82' lang='lat' dir='ltr'>oculos</span> <span class='ocrx_word' id='word_1_217' title='bbox 695 5104 911 5214; x_wconf 74' lang='lat' dir='ltr'>ponemus.¹</span> <span class='ocrx_word' id='word_1_218' title='bbox 970 5084 1021 5180; x_wconf 90' lang='lat' dir='ltr'>In</span> <span class='ocrx_word' id='word_1_219' title='bbox 1047 5118 1134 5206; x_wconf 87' lang='lat' dir='ltr'>quo.</span> <span class='ocrx_word' id='word_1_220' title='bbox 1162 5117 1295 5206; x_wconf 88' lang='lat' dir='ltr'>quum</span> <span class='ocrx_word' id='word_1_221' title='bbox 1323 5091 1499 5180; x_wconf 85' lang='lat' dir='ltr'>omuino</span> <span class='ocrx_word' id='word_1_222' title='bbox 1523 5090 1579 5180; x_wconf 82' lang='lat' dir='ltr'>iu</span> <span class='ocrx_word' id='word_1_223' title='bbox 1604 5091 1706 5214; x_wconf 91' lang='lat' dir='ltr'>poni</span> <span class='ocrx_word' id='word_1_224' title='bbox 1722 5119 1863 5192; x_wconf 73' lang='lat' dir='ltr'>,exem-</span> 
     </span>
    </p>
   </div>
   <div class='ocr_carea' id='block_1_4' title="bbox 0 0 2286 5906">
    <p class='ocr_par' dir='ltr' id='par_1_5' title="bbox 0 0 2286 5906">
     <span class='ocr_line' id='line_1_25' title="bbox 0 0 2286 5906; baseline 0 0"><span class='ocrx_word' id='word_1_225' title='bbox 0 0 2286 5906; x_wconf 95' lang='lat' dir='ltr'> </span> 
     </span>
    </p>
   </div>
  </div>
 </body>
</html>
