4486 5908
749 475 875 525 rrrunt
900 473 1161 526 venusrrssun.
1201 477 1239 527 n.
1253 457 1313 526 24.
1806 462 1856 534 ω

219 655 276 727 tte
296 653 545 756 faustumque
568 661 621 728 stt.
665 650 786 756 Vulgo
818 649 939 752 ἀγαθῇ
972 645 1073 750 τύχῃ.
1126 651 1303 730 Similiter
1326 655 1366 729 in
1393 655 1472 730 aliis
1497 657 1614 732 titulis
1640 653 1722 737 θεὸς
1748 653 1859 754 τύχαν

219 779 288 876 (sc.
327 771 422 874 δοίη),
466 792 508 849 ut
539 779 578 850 in
610 775 718 851 simili
752 775 861 850 titulo
894 775 1104 880 Corcyraeo
1138 777 1239 853 C.I.
1267 783 1434 854 ιι.1850.
1469 797 1505 856 et
1544 781 1649 875 alias,
1683 784 1745 860 vel
1777 779 1860 862 Seis

218 889 332 994 τύχαν
365 889 519 990 ἅγωθᾶν,
552 913 595 973 ut
626 903 665 973 in
697 897 885 1002 Delphico
918 897 982 998 (C.
1003 898 1035 974 Ι.
1058 927 1097 974 ιι.
1117 903 1241 1001 1695.)
1275 917 1311 975 et
1341 901 1522 978 Boeotico
1555 903 1614 1002 (C.
1632 905 1659 978 I.
1680 935 1715 980 ιι.
1736 911 1857 1000 1564.)

221 1025 271 1100 cf.
291 1023 532 1098 Βο1ι.Ιιιιοι.
554 1049 608 1124 gr.
629 1021 755 1096 inedd.
777 1051 816 1098 ιι.
829 1021 963 1096 67.73.
976 1024 997 1096 t
1002 1028 1112 1096 4.81.
1166 1025 1224 1098 Ex
1250 1049 1326 1126 quo
1351 1051 1399 1099 ne
1417 1043 1524 1129 putes
1544 1027 1760 1103 mutandum
1780 1056 1858 1105 esse

222 1147 425 1250 quidquam
451 1149 490 1220 in
514 1162 643 1220 nostro
672 1145 796 1220 titulo.
852 1143 973 1219 Saotis
999 1169 1136 1219 nomen
1163 1145 1379 1221 femininum
1407 1165 1474 1241 est,
1505 1155 1606 1224 cuius
1638 1152 1756 1227 forma
1783 1180 1858 1227 ma-

220 1271 361 1347 sculina
388 1286 443 1345 est
466 1259 596 1351 Xuiros,
622 1259 773 1349 Σαώτας.
824 1267 972 1343 Deinde
994 1263 1161 1346 Σικαινῖας
1187 1295 1234 1343 an
1260 1266 1409 1350 Σικαινία
1435 1275 1482 1345 sit
1509 1297 1644 1347 nomen
1673 1274 1774 1376 quod
1801 1301 1857 1350 se·

222 1399 360 1498 quitur,
397 1392 555 1467 dubites.
609 1390 820 1467 Boeulrhius
853 1390 914 1465 hic
945 1417 1097 1494 quoque
1128 1391 1319 1482 mulierem
1346 1394 1501 1496 intelligi
1528 1400 1743 1498 suspicatur.
1798 1397 1858 1475 De

222 1522 373 1595 nomine
400 1516 450 1593 ci.
481 1516 593 1591 Giese
620 1513 666 1589 de
692 1512 779 1589 dial.
802 1514 898 1589 aeol.
930 1517 1068 1618 paon.
1123 1511 1340 1616 Sequuntur
1365 1543 1503 1592 nomen
1523 1518 1714 1622 Demiurgi
1736 1537 1773 1596 et
1789 1546 1857 1595 no-

222 1647 322 1717 mina
345 1639 616 1716 Proxenorum.
657 1637 702 1711 In
728 1637 785 1711 his
809 1631 948 1720 Missus,
976 1635 1077 1740 quod
1099 1655 1154 1712 est
1173 1663 1244 1740 pro
1265 1636 1411 1729 Μίγκων,
1438 1640 1632 1717 Bocchhio
1652 1638 1761 1716 Μίκων
1780 1669 1857 1720 esse

220 1765 380 1857 videtur,
410 1778 539 1838 notum
567 1787 611 1836 ex
635 1761 814 1837 Pausanii
833 1787 971 1836 nomen
990 1764 1104 1864 patris
1126 1757 1270 1837 Onatae
1288 1764 1502 1866 Aeginetae.
1540 1759 1740 1873 Δαμιωργόι
1760 1766 1857 1870 apud

220 1890 422 1965 Dorienses
445 1888 670 1988 magistratus
689 1897 756 1959 est‘.
796 1881 1081 1987 Peloponnesiis
1098 1887 1277 1960 universis
1295 1878 1515 1994 burwpyov'r,
1542 1892 1663 1990 primo
1683 1888 1769 1964 loco
1787 1915 1856 1993 po-

221 2018 311 2125 sitos
334 2028 377 2086 ut
397 2009 606 2101 archontes,
634 2009 766 2083 tribuit
781 2005 947 2112 Philippi
966 2007 1121 2112 epistola
1134 2035 1195 2114 ap.
1212 2009 1406 2084 Demosth.
1425 2008 1472 2085 de
1490 2035 1564 2084 cor.
1582 2039 1618 2114 p.
1630 2019 1713 2084 280.
1733 2012 1794 2109 (ci.
1816 2012 1859 2088 C.

220 2135 652 2232 1ιιιοι.ιι.1193.1542.).
686 2132 765 2208 Iam
786 2130 917 2206 Petilia
937 2135 1085 2234 originis
1103 2130 1337 2208 Thessalicae
1357 2147 1424 2225 est,
1452 2137 1482 2207 si
1499 2160 1576 2208 non
1594 2159 1614 2208 a
1631 2131 1854 2228 Philoctete,
1932 2216 1937 2225 ,

222 2277 322 2337 certe
350 2286 369 2333 a
399 2257 723 2333 Meliboeensibus.
773 2255 823 2329 Et
844 2252 943 2359 apud
967 2255 1164 2332 Thessalos
1188 2254 1347 2334 eundem
1371 2260 1618 2358 magistratum
1641 2258 1855 2351 obtinuisse,

221 2382 383 2490 Etymol.
405 2382 455 2455 M.
481 2378 600 2456 docet
645 2378 703 2455 Cf.
729 2379 862 2454 Zonar.
888 2407 921 2454 v.
948 2372 1140 2487 δημιουργοί.
1182 2379 1314 2482 Itaque
1335 2378 1490 2454 Petiliae
1515 2363 1703 2488 δαμιωργόξ
1714 2378 1860 2454 videtur

220 2513 362 2613 primus
380 2506 489 2581 luisse
509 2519 546 2578 et
564 2529 767 2607 eponymus
786 2506 1023 2604 magistratus.
1052 2501 1244 2577 Proxenus
1260 2500 1414 2578 Petiliae
1433 2506 1597 2605 quinque
1615 2500 1794 2596 videmus,
1818 2519 1859 2577 ut

223 2631 377 2736 Spartae
402 2631 567 2732 quinque
588 2643 673 2702 sunt
696 2622 842 2729 ephori.
883 2627 950 2700 Est
972 2642 1095 2702 autem
1117 2623 1254 2729 duplex
1278 2651 1529 2730 proxenorum
1555 2651 1681 2728 genus,
1703 2627 1858 2702 alterum

222 2755 400 2830 universis
419 2749 570 2825 Graecis
589 2775 798 2840 commune,
827 2748 982 2823 alterum
999 2752 1207 2853 proprium,
1234 2766 1277 2823 ut
1293 2747 1451 2841 videtur,
1479 2747 1755 2852 Spartanorum.
1792 2751 1858 2824 Et·

222 2882 581 2977 enimunaquaeque
600 2876 725 2948 civitas
742 2876 780 2946 in
798 2872 926 2947 alienis
944 2874 1149 2947 civitatibus
1162 2872 1292 2948 hahuit
1303 2893 1410 2947 suum
1424 2889 1643 2965 curatorem,
1666 2899 1776 2975 quem
1789 2897 1859 2948 nos

223 2999 428 3079 Consulem
452 2995 573 3071 dicere
596 2995 769 3087 solemus,
797 3021 841 3069 ex
863 2993 961 3068 illius
978 2996 1203 3098 reipublicae
1222 2996 1375 3088 civibus,
1397 2999 1437 3068 in
1457 3022 1529 3096 qua
1547 2996 1687 3072 alienae
1706 2998 1859 3071 civitatis

223 3119 429 3200 commodis
443 3119 665 3211 consuleret,
687 3116 870 3193 delectum
883 3143 926 3192 ac
938 3121 1197 3220 praerogativis
1211 3131 1357 3191 auctum
1371 3117 1418 3190 ab
1433 3119 1488 3210 ei,
1510 3121 1611 3192 cuius
1626 3144 1685 3192 res
1706 3135 1858 3195 curaret.

222 3247 393 3324 Alterum
418 3269 531 3346 genus
554 3267 805 3346 proxenorum
831 3241 1023 3345 publicum
1048 3239 1202 3343 Spartae
1227 3256 1294 3333 est,
1323 3243 1388 3343 qui
1413 3245 1638 3343 magistratus
1657 3267 1702 3316 ex
1719 3243 1859 3319 civibus

223 3371 413 3474 Spartanis
435 3367 720 3443 nominabantur
743 3391 763 3440 a
787 3366 934 3468 regibus
961 3368 1010 3463 (v.
1023 3349 1346 3456 Herodotum.
1365 3364 1410 3438 ci.
1427 3362 1806 3441 C.Inscr.Introduct.
1819 3369 1859 3440 in

221 3496 355 3571 Boeot.
369 3491 482 3595 capi.
491 3493 594 3590 extr.)
606 3489 657 3563 Et
672 3489 782 3564 talem
801 3491 1047 3592 magistratum
1065 3490 1174 3562 etiam
1184 3487 1339 3563 Petiliae
1357 3485 1466 3561 luisse
1479 3487 1725 3590 probabiliter
1736 3494 1861 3569 statuit

197 3597 447 3695 'lloeclrhiua
494 3614 572 3688 lam
596 3637 685 3700 vero
716 3615 866 3687 nomina
892 3609 1070 3712 demiurgi
1100 3627 1138 3685 et
1162 3635 1414 3714 proxcnorum
1438 3614 1663 3686 auctoritatis
1689 3613 1860 3716 publicae

223 3767 332 3820 causa
350 3739 516 3843 apposita
535 3733 698 3811 indicant
715 3762 793 3810 non
810 3737 866 3836 agi
885 3731 931 3808 de
949 3759 989 3808 re
1007 3735 1157 3836 privati.
1197 3733 1328 3836 Itaque
1353 3731 1399 3808 de
1416 3739 1551 3807 tessera
1569 3732 1744 3838 hospitali
1762 3739 1859 3838 cogi-

223 3869 295 3942 tari
311 3888 390 3938 non
408 3876 539 3968 potest.
570 3856 652 3934 Vid.
669 3854 832 3935 Boeclrh.
851 3855 896 3930 ad
915 3856 950 3929 h.
959 3856 983 3930 l.
1021 3853 1096 3932 Sed
1115 3859 1232 3931 missis
1248 3860 1412 3932 virorum
1431 3855 1627 3932 doctorum
1644 3864 1861 3935 commentis

223 3984 470 4066 concedamus
494 3997 643 4086 oportet
667 3984 724 4083 agi
741 3979 788 4056 de
806 3977 1007 4054 donatione
1024 4005 1092 4083 per
1109 3995 1376 4054 testamentum.
1414 3978 1636 4083 Exemplum
1653 3985 1860 4056 testamenti

223 4111 389 4188 mulieris
406 4124 536 4184 notum
555 4120 609 4180 est
626 4130 672 4178 ex
688 4117 929 4178 monumento
946 4103 1138 4206 Epictetae
1156 4101 1253 4201 (C.I.
1267 4107 1452 4202 ιι.2148.).
1483 4103 1566 4179 Vid.
1585 4130 1680 4208 quae
1697 4103 1859 4180 Boechh.

224 4233 273 4312 ad
296 4232 367 4309 h.l.'
381 4230 429 4308 de
447 4255 489 4305 ea
506 4254 547 4304 re
564 4225 772 4331 disputavit.
818 4223 993 4303 Ceterum
1014 4223 1143 4302 titulus
1166 4240 1294 4301 noster
1315 4228 1445 4330 utique
1468 4231 1613 4305 circiter
1633 4217 1860 4333 Olympio·

224 4364 287 4436 60.
304 4360 460 4460 scriptus
476 4350 635 4432 videtur.

1011 4489 1079 4579 24.

221 4639 346 4706 Lamina
365 4657 448 4702 seren
470 4633 625 4718 Olympiae
644 4625 758 4696 eilossa
789 4632 965 4715 Reportsvit
984 4630 1063 4694 Gell.
1082 4631 1212 4694 ι.1813.
1244 4629 1343 4693 Edidit
1357 4632 1457 4714 Payne
1471 4631 1582 4715 Knight
1602 4632 1741 4718 singulari
1755 4634 1862 4696 chatti.

350 4741 463 4802 Recnsa
484 4749 527 4799 est
545 4736 626 4797 Diar.
646 4732 725 4796 class.
746 4733 800 4793 xl.
814 4755 842 4815 p.
850 4729 968 4815 sttsq.
982 4732 1064 4793 xsst
1078 4734 1184 4815 p-lld.
1207 4733 1279 4793 Mus
1296 4729 1433 4794 Cantahr.
1447 4732 1470 4792 l.
1486 4731 1592 4814 post.
1606 4755 1671 4794 curn
1686 4734 1763 4796 notis
1775 4731 1862 4794 wu-

349 4839 431 4925 polii.
452 4837 578 4900 Daunou
592 4833 708 4918 Expone
723 4833 772 4896 des
785 4845 904 4895 travena
919 4832 955 4895 de
969 4831 995 4894 la
1010 4831 1098 4896 classe
1112 4831 1263 4894 d’histoire
1278 4843 1307 4893 et
1322 4832 1357 4894 de
1372 4831 1426 4892 ltu
1441 4853 1504 4892 ane.
1519 4833 1624 4910 (1815.
1640 4831 1750 4907 7-Jul.)
1765 4835 1863 4913 pdo-

351 4939 485 5006 311112.
504 4936 555 4999 uhi
576 4947 764 5019 excerptus
785 4931 1040 5010 commentatione
1059 4931 1248 4994 Boissonadii.
1281 4930 1415 5014 Amplior
1436 4932 1497 4992 eius
1521 4931 1753 4992 Commentarius
1773 4945 1863 4995 exstat

351 5041 432 5104 Dian.
451 5037 530 5100 clus.
549 5034 688 5098 Volxx.
705 5032 897 5118 lam-306·
918 5029 955 5092 cl.
977 5031 1315 5114 Vot.xxl1.p.352.rq.
1349 5029 1471 5093 Gellio
1490 5031 1572 5091 Dior.
1587 5029 1666 5091 class.
1678 5030 1863 5094 votxnt'.

351 5137 458 5226 p.401.
483 5135 610 5201 Boeclh.
624 5136 655 5198 in
671 5133 785 5200 Oecon.
799 5135 854 5200 civ.
869 5131 939 5196 hth.
953 5131 991 5193 11.
1006 5133 1201 5214 pseu-3⁹2.
1223 5132 1303 5194 llose
1317 5133 1406 5194 inser.
1419 5133 1532 5191 Vetust.
1546 5130 1631 5212 pus.
1646 5141 1677 5193 et
1689 5129 1844 5217 p.35l.sq.
