<?xml version="1.0" encoding="UTF-8"?>
<!DOCTYPE html PUBLIC "-//W3C//DTD XHTML 1.0 Transitional//EN"
    "http://www.w3.org/TR/xhtml1/DTD/xhtml1-transitional.dtd">
<html xmlns="http://www.w3.org/1999/xhtml" xml:lang="en" lang="en">
 <head>
  <title>
</title>
<meta http-equiv="Content-Type" content="text/html;charset=utf-8" />
  <meta name='ocr-system' content='tesseract 3.04.00' />
  <meta name='ocr-capabilities' content='ocr_page ocr_carea ocr_par ocr_line ocrx_word'/>
</head>
<body>
  <div class='ocr_page' id='page_1' title='image "./elementaepigrap00frangoog/elementaepigrap00frangoog_0091.png"; bbox 0 0 4486 5908; ppageno 0'>
   <div class='ocr_carea' id='block_1_1' title="bbox 451 376 1468 462">
    <p class='ocr_par' dir='ltr' id='par_1_1' title="bbox 451 376 1468 462">
     <span class='ocr_line' id='line_1_1' title="bbox 451 376 1468 462; baseline 0.001 -5"><span class='ocrx_word' id='word_1_1' title='bbox 451 383 500 462; x_wconf 82' lang='lat' dir='ltr'>tt</span> <span class='ocrx_word' id='word_1_2' title='bbox 1056 376 1157 456; x_wconf 80' lang='lat' dir='ltr'>Pras</span> <span class='ocrx_word' id='word_1_3' title='bbox 1182 379 1215 456; x_wconf 94' lang='grc' dir='ltr'>Ι.</span> <span class='ocrx_word' id='word_1_4' title='bbox 1262 380 1468 458; x_wconf 68' lang='lat' dir='ltr'>arram.</span> 
     </span>
    </p>
   </div>
   <div class='ocr_carea' id='block_1_2' title="bbox 451 581 2083 937">
    <p class='ocr_par' dir='ltr' id='par_1_2' title="bbox 451 581 2083 937">
     <span class='ocr_line' id='line_1_2' title="bbox 452 581 2082 688; baseline 0.001 -27"><span class='ocrx_word' id='word_1_5' title='bbox 452 584 505 661; x_wconf 91' lang='lat' dir='ltr'>de</span> <span class='ocrx_word' id='word_1_6' title='bbox 530 584 678 661; x_wconf 87' lang='lat' dir='ltr'>titulis</span> <span class='ocrx_word' id='word_1_7' title='bbox 703 588 775 688; x_wconf 81' lang='lat' dir='ltr'>piat</span> <span class='ocrx_word' id='word_1_8' title='bbox 801 581 955 658; x_wconf 86' lang='lat' dir='ltr'>fraude</span> <span class='ocrx_word' id='word_1_9' title='bbox 979 599 1175 662; x_wconf 79' lang='lat' dir='ltr'>veterum</span> <span class='ocrx_word' id='word_1_10' title='bbox 1202 583 1474 662; x_wconf 87' lang='lat' dir='ltr'>Graecorum</span> <span class='ocrx_word' id='word_1_11' title='bbox 1498 584 1623 662; x_wconf 85' lang='lat' dir='ltr'>fictis</span> <span class='ocrx_word' id='word_1_12' title='bbox 1649 585 1921 681; x_wconf 76' lang='lat' dir='ltr'>dissereremus,</span> <span class='ocrx_word' id='word_1_13' title='bbox 1951 585 2082 664; x_wconf 87' lang='lat' dir='ltr'>deinde</span> 
     </span>
     <span class='ocr_line' id='line_1_3' title="bbox 452 706 2083 815; baseline 0.001 -32"><span class='ocrx_word' id='word_1_14' title='bbox 452 706 505 784; x_wconf 88' lang='lat' dir='ltr'>de</span> <span class='ocrx_word' id='word_1_15' title='bbox 535 709 683 786; x_wconf 89' lang='lat' dir='ltr'>titulis</span> <span class='ocrx_word' id='word_1_16' title='bbox 715 712 758 782; x_wconf 92' lang='lat' dir='ltr'>in</span> <span class='ocrx_word' id='word_1_17' title='bbox 789 710 980 812; x_wconf 88' lang='lat' dir='ltr'>speciem</span> <span class='ocrx_word' id='word_1_18' title='bbox 1011 711 1296 812; x_wconf 81' lang='lat' dir='ltr'>antiquitatis</span> <span class='ocrx_word' id='word_1_19' title='bbox 1323 714 1605 815; x_wconf 90' lang='lat' dir='ltr'>compositis,</span> <span class='ocrx_word' id='word_1_20' title='bbox 1641 729 1831 815; x_wconf 86' lang='lat' dir='ltr'>postremo</span> <span class='ocrx_word' id='word_1_21' title='bbox 1858 711 1910 788; x_wconf 91' lang='lat' dir='ltr'>de</span> <span class='ocrx_word' id='word_1_22' title='bbox 1935 711 2083 787; x_wconf 90' lang='lat' dir='ltr'>titulis</span> 
     </span>
     <span class='ocr_line' id='line_1_4' title="bbox 451 859 628 937; baseline 0.006 -29"><span class='ocrx_word' id='word_1_23' title='bbox 451 859 628 937; x_wconf 85' lang='lat' dir='ltr'>spurrrs.</span> 
     </span>
    </p>
   </div>
   <div class='ocr_carea' id='block_1_3' title="bbox 795 1172 1741 1240">
    <p class='ocr_par' dir='ltr' id='par_1_3' title="bbox 795 1172 1741 1240">
     <span class='ocr_line' id='line_1_5' title="bbox 795 1172 1741 1240; baseline 0.002 -4"><span class='ocrx_word' id='word_1_24' title='bbox 795 1173 820 1236; x_wconf 86' lang='lat' dir='ltr'>I.</span> <span class='ocrx_word' id='word_1_25' title='bbox 858 1173 914 1236; x_wconf 77' lang='lat' dir='ltr'>nt</span> <span class='ocrx_word' id='word_1_26' title='bbox 941 1172 1010 1235; x_wconf 77' lang='lat' dir='ltr'>alt</span> <span class='ocrx_word' id='word_1_27' title='bbox 1035 1172 1203 1236; x_wconf 80' lang='lat' dir='ltr'>FRAUDE</span> <span class='ocrx_word' id='word_1_28' title='bbox 1230 1174 1435 1236; x_wconf 82' lang='lat' dir='ltr'><strong>VETERUM</strong></span> <span class='ocrx_word' id='word_1_29' title='bbox 1462 1173 1741 1240; x_wconf 83' lang='lat' dir='ltr'>GRAECORUM.</span> 
     </span>
    </p>
   </div>
   <div class='ocr_carea' id='block_1_4' title="bbox 604 1328 2085 1438">
    <p class='ocr_par' dir='ltr' id='par_1_4' title="bbox 604 1313 2227 1438">
     <span class='ocr_line' id='line_1_6' title="bbox 604 1328 2085 1438; baseline 0.006 -32"><span class='ocrx_word' id='word_1_30' title='bbox 604 1328 929 1427; x_wconf 84' lang='lat' dir='ltr'><strong>Quemadmodum</strong></span> <span class='ocrx_word' id='word_1_31' title='bbox 954 1332 1154 1435; x_wconf 82' lang='lat' dir='ltr'><strong>pleraeque</strong></span> <span class='ocrx_word' id='word_1_32' title='bbox 1182 1357 1323 1425; x_wconf 89' lang='lat' dir='ltr'>omnes,</span> <span class='ocrx_word' id='word_1_33' title='bbox 1354 1358 1449 1436; x_wconf 90' lang='lat' dir='ltr'>quac</span> <span class='ocrx_word' id='word_1_34' title='bbox 1474 1348 1630 1427; x_wconf 81' lang='lat' dir='ltr'>exstant,</span> <span class='ocrx_word' id='word_1_35' title='bbox 1659 1337 1885 1410; x_wconf 82' lang='lat' dir='ltr'>narrationes</span> <span class='ocrx_word' id='word_1_36' title='bbox 1906 1333 2085 1438; x_wconf 79' lang='lat' dir='ltr'>mythicae</span> 
     </span>
    </p>
   </div>
   <div class='ocr_carea' id='block_1_5' title="bbox 449 1455 2085 1561">
    <p class='ocr_par' dir='ltr' id='par_1_5' title="bbox 449 1455 2085 1561">
     <span class='ocr_line' id='line_1_7' title="bbox 449 1455 2085 1561; baseline -0.001 -28"><span class='ocrx_word' id='word_1_37' title='bbox 449 1459 558 1534; x_wconf 81' lang='lat' dir='ltr'>variis</span> <span class='ocrx_word' id='word_1_38' title='bbox 589 1458 768 1532; x_wconf 89' lang='lat' dir='ltr'>aetatibus</span> <span class='ocrx_word' id='word_1_39' title='bbox 799 1460 906 1532; x_wconf 80' lang='lat' dir='ltr'>variis</span> <span class='ocrx_word' id='word_1_40' title='bbox 937 1455 1057 1531; x_wconf 89' lang='lat' dir='ltr'>modis</span> <span class='ocrx_word' id='word_1_41' title='bbox 1089 1459 1223 1559; x_wconf 88' lang='lat' dir='ltr'>partim</span> <span class='ocrx_word' id='word_1_42' title='bbox 1253 1456 1403 1532; x_wconf 76' lang='lat' dir='ltr'>licentia</span> <span class='ocrx_word' id='word_1_43' title='bbox 1434 1469 1628 1561; x_wconf 72' lang='lat' dir='ltr'>poetarum</span> <span class='ocrx_word' id='word_1_44' title='bbox 1661 1462 1795 1561; x_wconf 88' lang='lat' dir='ltr'>partim</span> <span class='ocrx_word' id='word_1_45' title='bbox 1821 1458 1949 1532; x_wconf 87' lang='lat' dir='ltr'>subtili</span> <span class='ocrx_word' id='word_1_46' title='bbox 1973 1461 2085 1532; x_wconf 86' lang='lat' dir='ltr'>inter·</span> 
     </span>
    </p>
   </div>
   <div class='ocr_carea' id='block_1_6' title="bbox 445 1579 2227 1686">
    <p class='ocr_par' dir='ltr' id='par_1_6' title="bbox 445 1579 2227 1686">
     <span class='ocr_line' id='line_1_8' title="bbox 445 1579 2227 1686; baseline 0 -30"><span class='ocrx_word' id='word_1_47' title='bbox 445 1583 659 1686; x_wconf 83' lang='lat' dir='ltr'>pretatione</span> <span class='ocrx_word' id='word_1_48' title='bbox 684 1584 895 1656; x_wconf 79' lang='lat' dir='ltr'><strong>immutatae</strong></span> <span class='ocrx_word' id='word_1_49' title='bbox 921 1596 1006 1656; x_wconf 89' lang='lat' dir='ltr'>sunt</span> <span class='ocrx_word' id='word_1_50' title='bbox 1031 1596 1070 1656; x_wconf 89' lang='lat' dir='ltr'>et</span> <span class='ocrx_word' id='word_1_51' title='bbox 1095 1579 1250 1673; x_wconf 80' lang='lat' dir='ltr'>fucatae,</span> <span class='ocrx_word' id='word_1_52' title='bbox 1280 1607 1402 1685; x_wconf 85' lang='lat' dir='ltr'>neque</span> <span class='ocrx_word' id='word_1_53' title='bbox 1428 1580 1466 1655; x_wconf 93' lang='lat' dir='ltr'>id</span> <span class='ocrx_word' id='word_1_54' title='bbox 1493 1582 1614 1657; x_wconf 90' lang='lat' dir='ltr'>solum</span> <span class='ocrx_word' id='word_1_55' title='bbox 1641 1584 1840 1658; x_wconf 86' lang='lat' dir='ltr'>acrioribus</span> <span class='ocrx_word' id='word_1_56' title='bbox 1857 1581 2086 1684; x_wconf 84' lang='lat' dir='ltr'>temporibus</span> <span class='ocrx_word' id='word_1_57' title='bbox 2226 1635 2227 1668; x_wconf 74' lang='lat'>,</span> 
     </span>
    </p>
   </div>
   <div class='ocr_carea' id='block_1_7' title="bbox 450 1701 2088 2305">
    <p class='ocr_par' dir='ltr' id='par_1_7' title="bbox 451 1701 2083 1804">
     <span class='ocr_line' id='line_1_9' title="bbox 451 1701 2083 1804; baseline -0.002 -24"><span class='ocrx_word' id='word_1_58' title='bbox 451 1703 516 1780; x_wconf 89' lang='lat' dir='ltr'>sed</span> <span class='ocrx_word' id='word_1_59' title='bbox 544 1731 589 1779; x_wconf 84' lang='lat' dir='ltr'>ex</span> <span class='ocrx_word' id='word_1_60' title='bbox 614 1708 723 1780; x_wconf 90' lang='lat' dir='ltr'>certis</span> <span class='ocrx_word' id='word_1_61' title='bbox 748 1707 965 1780; x_wconf 86' lang='lat' dir='ltr'>testimoniis</span> <span class='ocrx_word' id='word_1_62' title='bbox 991 1720 1095 1780; x_wconf 89' lang='lat' dir='ltr'>sexto</span> <span class='ocrx_word' id='word_1_63' title='bbox 1121 1708 1194 1780; x_wconf 88' lang='lat' dir='ltr'>iam</span> <span class='ocrx_word' id='word_1_64' title='bbox 1220 1705 1367 1780; x_wconf 88' lang='lat' dir='ltr'>saeculo</span> <span class='ocrx_word' id='word_1_65' title='bbox 1395 1721 1479 1781; x_wconf 89' lang='lat' dir='ltr'>ante</span> <span class='ocrx_word' id='word_1_66' title='bbox 1503 1703 1592 1782; x_wconf 87' lang='lat' dir='ltr'>Chr.</span> <span class='ocrx_word' id='word_1_67' title='bbox 1609 1732 1649 1780; x_wconf 92' lang='lat' dir='ltr'>n.</span> <span class='ocrx_word' id='word_1_68' title='bbox 1672 1705 1809 1784; x_wconf 85' lang='lat' dir='ltr'>lactum</span> <span class='ocrx_word' id='word_1_69' title='bbox 1826 1703 1993 1784; x_wconf 84' lang='lat' dir='ltr'>videmus</span> <span class='ocrx_word' id='word_1_70' title='bbox 2019 1701 2083 1804; x_wconf 87' lang='lat' dir='ltr'>(ri.</span> 
     </span>
    </p>

    <p class='ocr_par' dir='ltr' id='par_1_8' title="bbox 450 1825 2088 1934">
     <span class='ocr_line' id='line_1_10' title="bbox 450 1825 2088 1934; baseline -0.002 -30"><span class='ocrx_word' id='word_1_71' title='bbox 450 1827 671 1904; x_wconf 89' lang='lat' dir='ltr'>Ambrosch.</span> <span class='ocrx_word' id='word_1_72' title='bbox 691 1827 738 1903; x_wconf 92' lang='lat' dir='ltr'>de</span> <span class='ocrx_word' id='word_1_73' title='bbox 751 1827 850 1902; x_wconf 91' lang='lat' dir='ltr'>Lino</span> <span class='ocrx_word' id='word_1_74' title='bbox 869 1825 951 1902; x_wconf 90' lang='lat' dir='ltr'>diss.</span> <span class='ocrx_word' id='word_1_75' title='bbox 969 1827 1136 1932; x_wconf 73' lang='lat' dir='ltr'>pvm),</span> <span class='ocrx_word' id='word_1_76' title='bbox 1158 1832 1207 1904; x_wconf 94' lang='lat' dir='ltr'>ita</span> <span class='ocrx_word' id='word_1_77' title='bbox 1226 1833 1335 1904; x_wconf 89' lang='lat' dir='ltr'>etiam</span> <span class='ocrx_word' id='word_1_78' title='bbox 1354 1832 1615 1932; x_wconf 84' lang='lat' dir='ltr'>antiquissimis</span> <span class='ocrx_word' id='word_1_79' title='bbox 1631 1831 1862 1934; x_wconf 85' lang='lat' dir='ltr'>temporibus</span> <span class='ocrx_word' id='word_1_80' title='bbox 1879 1830 1977 1904; x_wconf 84' lang='lat' dir='ltr'>fraus</span> <span class='ocrx_word' id='word_1_81' title='bbox 1995 1853 2088 1932; x_wconf 81' lang='lat' dir='ltr'>gras·</span> 
     </span>
    </p>

    <p class='ocr_par' dir='ltr' id='par_1_9' title="bbox 452 1951 2086 2055">
     <span class='ocr_line' id='line_1_11' title="bbox 452 1951 2086 2055; baseline -0.001 -27"><span class='ocrx_word' id='word_1_82' title='bbox 452 1969 528 2028; x_wconf 89' lang='lat' dir='ltr'>sata</span> <span class='ocrx_word' id='word_1_83' title='bbox 554 1957 593 2028; x_wconf 90' lang='lat' dir='ltr'>in</span> <span class='ocrx_word' id='word_1_84' title='bbox 618 1956 866 2027; x_wconf 89' lang='lat' dir='ltr'>monumentis</span> <span class='ocrx_word' id='word_1_85' title='bbox 899 1951 1065 2028; x_wconf 89' lang='lat' dir='ltr'>litteratis</span> <span class='ocrx_word' id='word_1_86' title='bbox 1092 1969 1160 2028; x_wconf 88' lang='lat' dir='ltr'>est.</span> <span class='ocrx_word' id='word_1_87' title='bbox 1215 1951 1311 2029; x_wconf 87' lang='lat' dir='ltr'>Satis</span> <span class='ocrx_word' id='word_1_88' title='bbox 1338 1970 1393 2029; x_wconf 87' lang='lat' dir='ltr'>est</span> <span class='ocrx_word' id='word_1_89' title='bbox 1419 1951 1701 2030; x_wconf 83' lang='lat' dir='ltr'>Onomacu&#39;tum</span> <span class='ocrx_word' id='word_1_90' title='bbox 1726 1957 1946 2047; x_wconf 84' lang='lat' dir='ltr'>nominasse,</span> <span class='ocrx_word' id='word_1_91' title='bbox 1976 1977 2086 2055; x_wconf 90' lang='lat' dir='ltr'>quem</span> 
     </span>
    </p>

    <p class='ocr_par' dir='ltr' id='par_1_10' title="bbox 450 2073 2087 2305">
     <span class='ocr_line' id='line_1_12' title="bbox 451 2073 2087 2182; baseline -0.002 -30"><span class='ocrx_word' id='word_1_92' title='bbox 451 2092 596 2152; x_wconf 90' lang='lat' dir='ltr'>constat</span> <span class='ocrx_word' id='word_1_93' title='bbox 619 2092 767 2180; x_wconf 88' lang='lat' dir='ltr'>praeter</span> <span class='ocrx_word' id='word_1_94' title='bbox 791 2091 965 2180; x_wconf 84' lang='lat' dir='ltr'>corrupta</span> <span class='ocrx_word' id='word_1_95' title='bbox 990 2077 1132 2152; x_wconf 78' lang='lat' dir='ltr'>Musaei</span> <span class='ocrx_word' id='word_1_96' title='bbox 1159 2075 1306 2152; x_wconf 88' lang='lat' dir='ltr'>oracula</span> <span class='ocrx_word' id='word_1_97' title='bbox 1339 2081 1448 2153; x_wconf 87' lang='lat' dir='ltr'>etiam</span> <span class='ocrx_word' id='word_1_98' title='bbox 1475 2077 1622 2182; x_wconf 86' lang='lat' dir='ltr'>mythos</span> <span class='ocrx_word' id='word_1_99' title='bbox 1645 2077 1848 2154; x_wconf 88' lang='lat' dir='ltr'>Bacchicos</span> <span class='ocrx_word' id='word_1_100' title='bbox 1873 2073 1971 2152; x_wconf 89' lang='lat' dir='ltr'>haud</span> <span class='ocrx_word' id='word_1_101' title='bbox 1998 2076 2087 2151; x_wconf 81' lang='lat' dir='ltr'>levi-</span> 
     </span>
     <span class='ocr_line' id='line_1_13' title="bbox 450 2198 1983 2305; baseline 0 -29"><span class='ocrx_word' id='word_1_102' title='bbox 450 2218 509 2277; x_wconf 92' lang='lat' dir='ltr'>ter</span> <span class='ocrx_word' id='word_1_103' title='bbox 532 2205 639 2278; x_wconf 84' lang='lat' dir='ltr'>novis</span> <span class='ocrx_word' id='word_1_104' title='bbox 664 2199 893 2276; x_wconf 88' lang='lat' dir='ltr'>oblitterasse</span> <span class='ocrx_word' id='word_1_105' title='bbox 920 2198 1189 2279; x_wconf 85' lang='lat' dir='ltr'>additamentis.</span> <span class='ocrx_word' id='word_1_106' title='bbox 1231 2202 1278 2278; x_wconf 94' lang='lat' dir='ltr'>V.</span> <span class='ocrx_word' id='word_1_107' title='bbox 1307 2201 1471 2278; x_wconf 81' lang='lat' dir='ltr'>Nitrsch.</span> <span class='ocrx_word' id='word_1_108' title='bbox 1501 2203 1551 2277; x_wconf 88' lang='lat' dir='ltr'>H.</span> <span class='ocrx_word' id='word_1_109' title='bbox 1567 2201 1681 2276; x_wconf 91' lang='lat' dir='ltr'>Hom.</span> <span class='ocrx_word' id='word_1_110' title='bbox 1710 2200 1742 2277; x_wconf 91' lang='grc' dir='ltr'>Ι.</span> <span class='ocrx_word' id='word_1_111' title='bbox 1769 2205 1909 2305; x_wconf 76' lang='lat' dir='ltr'>piot.</span> <span class='ocrx_word' id='word_1_112' title='bbox 1925 2227 1983 2304; x_wconf 89' lang='lat' dir='ltr'>sq.</span> 
     </span>
    </p>
   </div>
   <div class='ocr_carea' id='block_1_8' title="bbox 452 2323 2228 2553">
    <p class='ocr_par' dir='ltr' id='par_1_11' title="bbox 452 2323 2228 2553">
     <span class='ocr_line' id='line_1_14' title="bbox 603 2323 2228 2434; baseline -0.004 -34"><span class='ocrx_word' id='word_1_113' title='bbox 603 2324 867 2427; x_wconf 89' lang='lat' dir='ltr'>Inscriptiones</span> <span class='ocrx_word' id='word_1_114' title='bbox 901 2326 1027 2427; x_wconf 82' lang='lat' dir='ltr'>igitur,</span> <span class='ocrx_word' id='word_1_115' title='bbox 1071 2351 1166 2428; x_wconf 90' lang='lat' dir='ltr'>quae</span> <span class='ocrx_word' id='word_1_116' title='bbox 1197 2323 1243 2400; x_wconf 91' lang='lat' dir='ltr'>ad</span> <span class='ocrx_word' id='word_1_117' title='bbox 1277 2325 1462 2402; x_wconf 84' lang='lat' dir='ltr'>fabulosas</span> <span class='ocrx_word' id='word_1_118' title='bbox 1496 2329 1682 2430; x_wconf 87' lang='lat' dir='ltr'>pertinent</span> <span class='ocrx_word' id='word_1_119' title='bbox 1714 2351 1909 2428; x_wconf 87' lang='lat' dir='ltr'>personas,</span> <span class='ocrx_word' id='word_1_120' title='bbox 1951 2349 1996 2398; x_wconf 82' lang='lat' dir='ltr'>ex</span> <span class='ocrx_word' id='word_1_121' title='bbox 2027 2324 2085 2414; x_wconf 80' lang='lat' dir='ltr'>ei,</span> <span class='ocrx_word' id='word_1_122' title='bbox 2227 2401 2228 2434; x_wconf 75' lang='lat'>,</span> 
     </span>
     <span class='ocr_line' id='line_1_15' title="bbox 452 2445 2228 2553; baseline -0.005 -28"><span class='ocrx_word' id='word_1_123' title='bbox 452 2475 563 2553; x_wconf 88' lang='lat' dir='ltr'>quam</span> <span class='ocrx_word' id='word_1_124' title='bbox 589 2447 721 2523; x_wconf 87' lang='lat' dir='ltr'>heroes</span> <span class='ocrx_word' id='word_1_125' title='bbox 747 2448 923 2542; x_wconf 83' lang='lat' dir='ltr'>referunt,</span> <span class='ocrx_word' id='word_1_126' title='bbox 953 2466 1070 2525; x_wconf 89' lang='lat' dir='ltr'>aetate</span> <span class='ocrx_word' id='word_1_127' title='bbox 1097 2475 1174 2524; x_wconf 91' lang='lat' dir='ltr'>esse</span> <span class='ocrx_word' id='word_1_128' title='bbox 1201 2475 1278 2526; x_wconf 92' lang='lat' dir='ltr'>non</span> <span class='ocrx_word' id='word_1_129' title='bbox 1304 2466 1472 2553; x_wconf 89' lang='lat' dir='ltr'>possunt.</span> <span class='ocrx_word' id='word_1_130' title='bbox 1514 2449 1625 2524; x_wconf 88' lang='lat' dir='ltr'>Tales</span> <span class='ocrx_word' id='word_1_131' title='bbox 1641 2464 1728 2524; x_wconf 91' lang='lat' dir='ltr'>sunt</span> <span class='ocrx_word' id='word_1_132' title='bbox 1744 2448 1843 2542; x_wconf 91' lang='lat' dir='ltr'>illae,</span> <span class='ocrx_word' id='word_1_133' title='bbox 1874 2473 1969 2552; x_wconf 89' lang='lat' dir='ltr'>quae</span> <span class='ocrx_word' id='word_1_134' title='bbox 1988 2445 2088 2520; x_wconf 89' lang='lat' dir='ltr'>The·</span> <span class='ocrx_word' id='word_1_135' title='bbox 2227 2481 2228 2500; x_wconf 68' lang='lat'>.</span> 
     </span>
    </p>
   </div>
   <div class='ocr_carea' id='block_1_9' title="bbox 448 2571 2093 4288">
    <p class='ocr_par' dir='ltr' id='par_1_12' title="bbox 448 2571 2093 4288">
     <span class='ocr_line' id='line_1_16' title="bbox 451 2571 2087 2677; baseline -0.002 -30"><span class='ocrx_word' id='word_1_136' title='bbox 451 2575 508 2648; x_wconf 90' lang='lat' dir='ltr'>bis</span> <span class='ocrx_word' id='word_1_137' title='bbox 538 2577 578 2647; x_wconf 92' lang='lat' dir='ltr'>in</span> <span class='ocrx_word' id='word_1_138' title='bbox 607 2573 770 2646; x_wconf 86' lang='lat' dir='ltr'>Ismenio</span> <span class='ocrx_word' id='word_1_139' title='bbox 800 2571 1011 2674; x_wconf 91' lang='lat' dir='ltr'>tripodibus</span> <span class='ocrx_word' id='word_1_140' title='bbox 1042 2575 1236 2676; x_wconf 85' lang='lat' dir='ltr'>impositae</span> <span class='ocrx_word' id='word_1_141' title='bbox 1267 2572 1544 2677; x_wconf 85' lang='lat' dir='ltr'>Amphitryoni,</span> <span class='ocrx_word' id='word_1_142' title='bbox 1580 2573 1713 2666; x_wconf 88' lang='lat' dir='ltr'>Scaeo,</span> <span class='ocrx_word' id='word_1_143' title='bbox 1747 2571 1991 2648; x_wconf 86' lang='lat' dir='ltr'>Laodamanti</span> <span class='ocrx_word' id='word_1_144' title='bbox 2023 2572 2087 2645; x_wconf 88' lang='lat' dir='ltr'>tri-</span> 
     </span>
     <span class='ocr_line' id='line_1_17' title="bbox 448 2691 2088 2799; baseline -0.003 -28"><span class='ocrx_word' id='word_1_145' title='bbox 448 2697 616 2771; x_wconf 89' lang='lat' dir='ltr'>buuntur</span> <span class='ocrx_word' id='word_1_146' title='bbox 640 2691 973 2793; x_wconf 84' lang='lat' dir='ltr'>(Herodot.V,69.</span> <span class='ocrx_word' id='word_1_147' title='bbox 1001 2695 1050 2770; x_wconf 88' lang='lat' dir='ltr'>cl.</span> <span class='ocrx_word' id='word_1_148' title='bbox 1078 2694 1221 2799; x_wconf 84' lang='lat' dir='ltr'>Knight</span> <span class='ocrx_word' id='word_1_149' title='bbox 1243 2693 1416 2798; x_wconf 83' lang='lat' dir='ltr'>Prolegg.</span> <span class='ocrx_word' id='word_1_150' title='bbox 1445 2695 1559 2770; x_wconf 91' lang='lat' dir='ltr'>Hom.</span> <span class='ocrx_word' id='word_1_151' title='bbox 1587 2695 1863 2798; x_wconf 83' lang='lat' dir='ltr'>§.LXXVII.),</span> <span class='ocrx_word' id='word_1_152' title='bbox 1896 2696 2088 2797; x_wconf 88' lang='lat' dir='ltr'>inscriptio</span> 
     </span>
     <span class='ocr_line' id='line_1_18' title="bbox 449 2815 2088 2923; baseline -0.003 -28"><span class='ocrx_word' id='word_1_153' title='bbox 449 2819 603 2895; x_wconf 91' lang='lat' dir='ltr'>thalami</span> <span class='ocrx_word' id='word_1_154' title='bbox 632 2817 833 2894; x_wconf 86' lang='lat' dir='ltr'>Alcmenae</span> <span class='ocrx_word' id='word_1_155' title='bbox 868 2815 1041 2916; x_wconf 80' lang='lat' dir='ltr'>(Pansam.</span> <span class='ocrx_word' id='word_1_156' title='bbox 1061 2817 1206 2910; x_wconf 86' lang='lat' dir='ltr'>IX,ll.</span> <span class='ocrx_word' id='word_1_157' title='bbox 1236 2819 1284 2894; x_wconf 83' lang='lat' dir='ltr'>ci.</span> <span class='ocrx_word' id='word_1_158' title='bbox 1314 2818 1443 2894; x_wconf 88' lang='lat' dir='ltr'>Herm.</span> <span class='ocrx_word' id='word_1_159' title='bbox 1472 2816 1518 2894; x_wconf 94' lang='lat' dir='ltr'>ad</span> <span class='ocrx_word' id='word_1_160' title='bbox 1546 2815 1668 2922; x_wconf 90' lang='lat' dir='ltr'>Orph.</span> <span class='ocrx_word' id='word_1_161' title='bbox 1697 2819 1873 2923; x_wconf 66' lang='lat' dir='ltr'>ptem),</span> <span class='ocrx_word' id='word_1_162' title='bbox 1904 2835 1941 2894; x_wconf 88' lang='lat' dir='ltr'>et</span> <span class='ocrx_word' id='word_1_163' title='bbox 1968 2816 2088 2893; x_wconf 86' lang='lat' dir='ltr'>eidem</span> 
     </span>
     <span class='ocr_line' id='line_1_19' title="bbox 452 2941 2089 3045; baseline -0.004 -26"><span class='ocrx_word' id='word_1_164' title='bbox 452 2945 561 3020; x_wconf 90' lang='lat' dir='ltr'>aetati</span> <span class='ocrx_word' id='word_1_165' title='bbox 587 2945 764 3044; x_wconf 84' lang='lat' dir='ltr'>assignata</span> <span class='ocrx_word' id='word_1_166' title='bbox 788 2941 972 3017; x_wconf 90' lang='lat' dir='ltr'>Herculea</span> <span class='ocrx_word' id='word_1_167' title='bbox 1006 2941 1176 3042; x_wconf 81' lang='lat' dir='ltr'>(Aristot.</span> <span class='ocrx_word' id='word_1_168' title='bbox 1207 2943 1336 3018; x_wconf 89' lang='lat' dir='ltr'>mirah.</span> <span class='ocrx_word' id='word_1_169' title='bbox 1364 2941 1662 3044; x_wconf 79' lang='lat' dir='ltr'>auscult.145.).</span> <span class='ocrx_word' id='word_1_170' title='bbox 1716 2943 1796 3017; x_wconf 88' lang='lat' dir='ltr'>Hae</span> <span class='ocrx_word' id='word_1_171' title='bbox 1821 2945 1945 3045; x_wconf 82' lang='lat' dir='ltr'>igitur,</span> <span class='ocrx_word' id='word_1_172' title='bbox 1975 2967 2089 3044; x_wconf 86' lang='lat' dir='ltr'><strong>quum</strong></span> 
     </span>
     <span class='ocr_line' id='line_1_20' title="bbox 450 3063 2092 3170; baseline -0.004 -26"><span class='ocrx_word' id='word_1_173' title='bbox 450 3066 642 3144; x_wconf 84' lang='lat' dir='ltr'>fabulosos</span> <span class='ocrx_word' id='word_1_174' title='bbox 668 3065 801 3141; x_wconf 90' lang='lat' dir='ltr'>heroes</span> <span class='ocrx_word' id='word_1_175' title='bbox 826 3083 1006 3168; x_wconf 88' lang='lat' dir='ltr'>spectent,</span> <span class='ocrx_word' id='word_1_176' title='bbox 1037 3093 1121 3142; x_wconf 90' lang='lat' dir='ltr'>cum</span> <span class='ocrx_word' id='word_1_177' title='bbox 1139 3063 1281 3142; x_wconf 89' lang='lat' dir='ltr'>Wolfio</span> <span class='ocrx_word' id='word_1_178' title='bbox 1301 3064 1488 3169; x_wconf 81' lang='lat' dir='ltr'>(Prolegg.</span> <span class='ocrx_word' id='word_1_179' title='bbox 1509 3065 1622 3140; x_wconf 91' lang='lat' dir='ltr'>Hom.</span> <span class='ocrx_word' id='word_1_180' title='bbox 1643 3065 1775 3170; x_wconf 90' lang='lat' dir='ltr'>p.LV.</span> <span class='ocrx_word' id='word_1_181' title='bbox 1794 3071 1872 3168; x_wconf 87' lang='lat' dir='ltr'>sq.)</span> <span class='ocrx_word' id='word_1_182' title='bbox 1899 3091 1971 3168; x_wconf 87' lang='lat' dir='ltr'>pro</span> <span class='ocrx_word' id='word_1_183' title='bbox 1997 3063 2092 3140; x_wconf 89' lang='lat' dir='ltr'>fictis</span> 
     </span>
     <span class='ocr_line' id='line_1_21' title="bbox 449 3186 2092 3293; baseline -0.002 -29"><span class='ocrx_word' id='word_1_184' title='bbox 449 3187 643 3265; x_wconf 88' lang='lat' dir='ltr'>habendae</span> <span class='ocrx_word' id='word_1_185' title='bbox 676 3205 775 3263; x_wconf 91' lang='lat' dir='ltr'>sunt.</span> <span class='ocrx_word' id='word_1_186' title='bbox 829 3188 910 3263; x_wconf 90' lang='lat' dir='ltr'>Nec</span> <span class='ocrx_word' id='word_1_187' title='bbox 942 3193 1075 3263; x_wconf 92' lang='lat' dir='ltr'>mirum</span> <span class='ocrx_word' id='word_1_188' title='bbox 1106 3187 1223 3265; x_wconf 85' lang='lat' dir='ltr'>videri</span> <span class='ocrx_word' id='word_1_189' title='bbox 1257 3186 1389 3282; x_wconf 88' lang='lat' dir='ltr'>debet,</span> <span class='ocrx_word' id='word_1_190' title='bbox 1427 3187 1529 3293; x_wconf 92' lang='lat' dir='ltr'>quod</span> <span class='ocrx_word' id='word_1_191' title='bbox 1562 3192 1663 3264; x_wconf 70' lang='lat' dir='ltr'>heta</span> <span class='ocrx_word' id='word_1_192' title='bbox 1695 3189 1971 3291; x_wconf 59' lang='lat' dir='ltr'>multatibus</span> <span class='ocrx_word' id='word_1_193' title='bbox 1997 3213 2092 3290; x_wconf 80' lang='lat' dir='ltr'>gens</span> 
     </span>
     <span class='ocr_line' id='line_1_22' title="bbox 452 3308 2092 3416; baseline -0.004 -27"><span class='ocrx_word' id='word_1_194' title='bbox 452 3312 656 3416; x_wconf 90' lang='lat' dir='ltr'>eademque</span> <span class='ocrx_word' id='word_1_195' title='bbox 688 3310 837 3386; x_wconf 90' lang='lat' dir='ltr'>credula</span> <span class='ocrx_word' id='word_1_196' title='bbox 868 3312 933 3386; x_wconf 91' lang='lat' dir='ltr'>tali</span> <span class='ocrx_word' id='word_1_197' title='bbox 965 3311 1085 3387; x_wconf 81' lang='lat' dir='ltr'>fraudi</span> <span class='ocrx_word' id='word_1_198' title='bbox 1117 3338 1269 3416; x_wconf 89' lang='lat' dir='ltr'>operam</span> <span class='ocrx_word' id='word_1_199' title='bbox 1301 3308 1416 3406; x_wconf 89' lang='lat' dir='ltr'>dedit,</span> <span class='ocrx_word' id='word_1_200' title='bbox 1450 3338 1527 3415; x_wconf 90' lang='lat' dir='ltr'>quo</span> <span class='ocrx_word' id='word_1_201' title='bbox 1553 3314 1801 3407; x_wconf 88' lang='lat' dir='ltr'>monumentis</span> <span class='ocrx_word' id='word_1_202' title='bbox 1826 3315 1901 3386; x_wconf 89' lang='lat' dir='ltr'>suis</span> <span class='ocrx_word' id='word_1_203' title='bbox 1926 3326 2092 3386; x_wconf 80' lang='lat' dir='ltr'>remotae</span> 
     </span>
     <span class='ocr_line' id='line_1_23' title="bbox 450 3431 2092 3539; baseline -0.003 -26"><span class='ocrx_word' id='word_1_204' title='bbox 450 3439 639 3514; x_wconf 83' lang='lat' dir='ltr'>vetustatis</span> <span class='ocrx_word' id='word_1_205' title='bbox 664 3438 918 3510; x_wconf 89' lang='lat' dir='ltr'>auctoritatem</span> <span class='ocrx_word' id='word_1_206' title='bbox 945 3433 1172 3511; x_wconf 84' lang='lat' dir='ltr'>conciliaret.</span> <span class='ocrx_word' id='word_1_207' title='bbox 1226 3433 1310 3512; x_wconf 91' lang='lat' dir='ltr'>Huc</span> <span class='ocrx_word' id='word_1_208' title='bbox 1335 3439 1538 3539; x_wconf 88' lang='lat' dir='ltr'>pertineret</span> <span class='ocrx_word' id='word_1_209' title='bbox 1563 3439 1671 3510; x_wconf 88' lang='lat' dir='ltr'>etiam</span> <span class='ocrx_word' id='word_1_210' title='bbox 1696 3435 1867 3510; x_wconf 93' lang='lat' dir='ltr'>columna</span> <span class='ocrx_word' id='word_1_211' title='bbox 1886 3431 2035 3539; x_wconf 78' lang='lat' dir='ltr'>lapidea</span> <span class='ocrx_word' id='word_1_212' title='bbox 2053 3437 2092 3508; x_wconf 92' lang='lat' dir='ltr'>in</span> 
     </span>
     <span class='ocr_line' id='line_1_24' title="bbox 452 3557 2093 3663; baseline -0.003 -27"><span class='ocrx_word' id='word_1_213' title='bbox 452 3564 621 3637; x_wconf 88' lang='lat' dir='ltr'>oratione</span> <span class='ocrx_word' id='word_1_214' title='bbox 648 3557 695 3635; x_wconf 90' lang='lat' dir='ltr'>de</span> <span class='ocrx_word' id='word_1_215' title='bbox 720 3557 863 3633; x_wconf 74' lang='lat' dir='ltr'>Neaera</span> <span class='ocrx_word' id='word_1_216' title='bbox 891 3561 1071 3663; x_wconf 75' lang='lat' dir='ltr'>(patto.</span> <span class='ocrx_word' id='word_1_217' title='bbox 1089 3563 1201 3654; x_wconf 88' lang='lat' dir='ltr'>extr.)</span> <span class='ocrx_word' id='word_1_218' title='bbox 1229 3576 1443 3650; x_wconf 88' lang='lat' dir='ltr'>memorata,</span> <span class='ocrx_word' id='word_1_219' title='bbox 1476 3562 1507 3633; x_wconf 89' lang='lat' dir='ltr'>si</span> <span class='ocrx_word' id='word_1_220' title='bbox 1533 3583 1574 3634; x_wconf 89' lang='lat' dir='ltr'>ea</span> <span class='ocrx_word' id='word_1_221' title='bbox 1601 3575 1695 3634; x_wconf 88' lang='lat' dir='ltr'>esset</span> <span class='ocrx_word' id='word_1_222' title='bbox 1721 3562 1877 3634; x_wconf 88' lang='lat' dir='ltr'>oratoris</span> <span class='ocrx_word' id='word_1_223' title='bbox 1903 3583 2023 3651; x_wconf 88' lang='lat' dir='ltr'>mens,</span> <span class='ocrx_word' id='word_1_224' title='bbox 2050 3572 2093 3632; x_wconf 92' lang='lat' dir='ltr'>ut</span> 
     </span>
     <span class='ocr_line' id='line_1_25' title="bbox 451 3678 2089 3787; baseline -0.004 -25"><span class='ocrx_word' id='word_1_225' title='bbox 451 3711 472 3762; x_wconf 92' lang='lat' dir='ltr'>a</span> <span class='ocrx_word' id='word_1_226' title='bbox 504 3682 653 3760; x_wconf 88' lang='lat' dir='ltr'>Theseo</span> <span class='ocrx_word' id='word_1_227' title='bbox 684 3685 842 3787; x_wconf 88' lang='lat' dir='ltr'>positam</span> <span class='ocrx_word' id='word_1_228' title='bbox 874 3685 1109 3776; x_wconf 82' lang='lat' dir='ltr'>existimaret3</span> <span class='ocrx_word' id='word_1_229' title='bbox 1143 3685 1347 3785; x_wconf 89' lang='lat' dir='ltr'>pertineret</span> <span class='ocrx_word' id='word_1_230' title='bbox 1371 3681 1499 3758; x_wconf 87' lang='lat' dir='ltr'>titulus</span> <span class='ocrx_word' id='word_1_231' title='bbox 1525 3678 1572 3757; x_wconf 92' lang='lat' dir='ltr'>de</span> <span class='ocrx_word' id='word_1_232' title='bbox 1600 3681 1778 3758; x_wconf 87' lang='lat' dir='ltr'>Coroeho</span> <span class='ocrx_word' id='word_1_233' title='bbox 1805 3678 1904 3786; x_wconf 91' lang='lat' dir='ltr'>apud</span> <span class='ocrx_word' id='word_1_234' title='bbox 1928 3680 2089 3757; x_wconf 90' lang='lat' dir='ltr'>Pansan.</span> 
     </span>
     <span class='ocr_line' id='line_1_26' title="bbox 451 3801 2090 3910; baseline -0.004 -25"><span class='ocrx_word' id='word_1_235' title='bbox 451 3810 500 3910; x_wconf 88' lang='lat'>(1,</span> <span class='ocrx_word' id='word_1_236' title='bbox 511 3813 609 3907; x_wconf 62' lang='lat' dir='ltr'>ltu),</span> <span class='ocrx_word' id='word_1_237' title='bbox 643 3811 674 3882; x_wconf 92' lang='lat' dir='ltr'>si</span> <span class='ocrx_word' id='word_1_238' title='bbox 704 3811 749 3899; x_wconf 90' lang='lat' dir='ltr'>is,</span> <span class='ocrx_word' id='word_1_239' title='bbox 782 3823 825 3882; x_wconf 93' lang='lat' dir='ltr'>ut</span> <span class='ocrx_word' id='word_1_240' title='bbox 853 3805 1060 3882; x_wconf 85' lang='lat' dir='ltr'>Rochettus</span> <span class='ocrx_word' id='word_1_241' title='bbox 1092 3809 1248 3909; x_wconf 85' lang='lat' dir='ltr'>putavit,</span> <span class='ocrx_word' id='word_1_242' title='bbox 1284 3823 1405 3881; x_wconf 89' lang='lat' dir='ltr'>certae</span> <span class='ocrx_word' id='word_1_243' title='bbox 1437 3809 1544 3881; x_wconf 88' lang='lat' dir='ltr'>aetati</span> <span class='ocrx_word' id='word_1_244' title='bbox 1577 3807 1749 3907; x_wconf 82' lang='lat' dir='ltr'>assignari</span> <span class='ocrx_word' id='word_1_245' title='bbox 1780 3820 1920 3909; x_wconf 87' lang='lat' dir='ltr'>posset.</span> <span class='ocrx_word' id='word_1_246' title='bbox 1976 3801 2090 3879; x_wconf 89' lang='lat' dir='ltr'>Aliud</span> 
     </span>
     <span class='ocr_line' id='line_1_27' title="bbox 450 3919 2093 4039; baseline -0.004 -29"><span class='ocrx_word' id='word_1_247' title='bbox 450 3930 661 4039; x_wconf 86' lang='lat' dir='ltr'>exemplum</span> <span class='ocrx_word' id='word_1_248' title='bbox 692 3929 800 4005; x_wconf 87' lang='lat' dir='ltr'>fictae</span> <span class='ocrx_word' id='word_1_249' title='bbox 831 3933 1079 4036; x_wconf 86' lang='lat' dir='ltr'>inscriptionis</span> <span class='ocrx_word' id='word_1_250' title='bbox 1111 3933 1232 4006; x_wconf 92' lang='lat' dir='ltr'>innuit</span> <span class='ocrx_word' id='word_1_251' title='bbox 1255 3928 1413 4005; x_wconf 87' lang='lat' dir='ltr'>Pausan.</span> <span class='ocrx_word' id='word_1_252' title='bbox 1443 3927 1564 4028; x_wconf 80' lang='lat' dir='ltr'>(vm,</span> <span class='ocrx_word' id='word_1_253' title='bbox 1581 3931 1708 4026; x_wconf 60' lang='lat' dir='ltr'>tat.)</span> <span class='ocrx_word' id='word_1_254' title='bbox 1736 3921 1797 4002; x_wconf 74' lang='lat' dir='ltr'>uui</span> <span class='ocrx_word' id='word_1_255' title='bbox 1816 3957 1872 4020; x_wconf 79' lang='grc' dir='ltr'>μοι</span> <span class='ocrx_word' id='word_1_256' title='bbox 1898 3925 1955 4004; x_wconf 80' lang='lat' dir='ltr'>aul</span> <span class='ocrx_word' id='word_1_257' title='bbox 1979 3919 2093 4038; x_wconf 64' lang='lat' dir='ltr'>ypdrse</span> 
     </span>
     <span class='ocr_line' id='line_1_28' title="bbox 448 4039 2093 4162; baseline -0.002 -33"><span class='ocrx_word' id='word_1_258' title='bbox 448 4084 544 4148; x_wconf 80' lang='grc' dir='ltr'><em>ματα</em></span> <span class='ocrx_word' id='word_1_259' title='bbox 569 4059 600 4128; x_wconf 82' lang='grc' dir='ltr'>οἱ</span> <span class='ocrx_word' id='word_1_260' title='bbox 622 4054 777 4128; x_wconf 76' lang='grc' dir='ltr'>Φενεᾶται</span> <span class='ocrx_word' id='word_1_261' title='bbox 803 4047 999 4162; x_wconf 70' lang='grc' dir='ltr'><strong><em>παρείχοντο</em></strong></span> <span class='ocrx_word' id='word_1_262' title='bbox 1025 4047 1079 4128; x_wconf 74' lang='lat' dir='ltr'>tri</span> <span class='ocrx_word' id='word_1_263' title='bbox 1102 4054 1160 4128; x_wconf 79' lang='grc' dir='ltr'>ποῦ</span> <span class='ocrx_word' id='word_1_264' title='bbox 1185 4043 1384 4146; x_wconf 61' lang='grc' dir='ltr'>ἀγάλματος</span> <span class='ocrx_word' id='word_1_265' title='bbox 1409 4045 1627 4162; x_wconf 70' lang='grc' dir='ltr'>γεγραμμένα</span> <span class='ocrx_word' id='word_1_266' title='bbox 1652 4051 1698 4146; x_wconf 73' lang='grc' dir='ltr'>τῷ</span> <span class='ocrx_word' id='word_1_267' title='bbox 1715 4039 1858 4160; x_wconf 67' lang='grc' dir='ltr'><strong><em>βόθρῳ,</em></strong></span> <span class='ocrx_word' id='word_1_268' title='bbox 1885 4051 1945 4126; x_wconf 76' lang='grc' dir='ltr'>τοῦ</span> <span class='ocrx_word' id='word_1_269' title='bbox 1963 4046 2093 4126; x_wconf 79' lang='lat' dir='ltr'>’odor-</span> 
     </span>
     <span class='ocr_line' id='line_1_29' title="bbox 450 4169 2093 4288; baseline -0.002 -34"><span class='ocrx_word' id='word_1_270' title='bbox 450 4173 534 4258; x_wconf 77' lang='grc' dir='ltr'><em>σέως</em></span> <span class='ocrx_word' id='word_1_271' title='bbox 564 4169 602 4266; x_wconf 68' lang='lat' dir='ltr'>dl</span> <span class='ocrx_word' id='word_1_272' title='bbox 630 4207 664 4251; x_wconf 82' lang='grc' dir='ltr'>τι</span> <span class='ocrx_word' id='word_1_273' title='bbox 694 4170 902 4288; x_wconf 68' lang='grc' dir='ltr'>πρόσταγμα</span> <span class='ocrx_word' id='word_1_274' title='bbox 934 4181 1002 4254; x_wconf 77' lang='grc' dir='ltr'>τοῖς</span> <span class='ocrx_word' id='word_1_275' title='bbox 1030 4171 1236 4267; x_wconf 77' lang='grc' dir='ltr'><strong><em>ποιμαίνουσι</em></strong></span> <span class='ocrx_word' id='word_1_276' title='bbox 1267 4170 1328 4254; x_wconf 74' lang='grc' dir='ltr'>τὰς</span> <span class='ocrx_word' id='word_1_277' title='bbox 1358 4171 1488 4254; x_wconf 78' lang='grc' dir='ltr'><strong><em>ἵππους.</em></strong></span> <span class='ocrx_word' id='word_1_278' title='bbox 1537 4173 1695 4250; x_wconf 89' lang='lat' dir='ltr'>Accedit</span> <span class='ocrx_word' id='word_1_279' title='bbox 1720 4171 1822 4277; x_wconf 89' lang='lat' dir='ltr'>quod</span> <span class='ocrx_word' id='word_1_280' title='bbox 1850 4189 2093 4250; x_wconf 90' lang='lat' dir='ltr'>monumenta</span> 
     </span>
    </p>
   </div>
   <div class='ocr_carea' id='block_1_10' title="bbox 447 4296 2094 4902">
    <p class='ocr_par' dir='ltr' id='par_1_13' title="bbox 447 4296 2094 4902">
     <span class='ocr_line' id='line_1_30' title="bbox 451 4296 2089 4406; baseline -0.002 -29"><span class='ocrx_word' id='word_1_281' title='bbox 451 4300 497 4378; x_wconf 89' lang='lat' dir='ltr'>de</span> <span class='ocrx_word' id='word_1_282' title='bbox 529 4301 708 4378; x_wconf 82' lang='lat' dir='ltr'>divisione</span> <span class='ocrx_word' id='word_1_283' title='bbox 738 4301 991 4405; x_wconf 88' lang='lat' dir='ltr'>Peloponnesi</span> <span class='ocrx_word' id='word_1_284' title='bbox 1023 4316 1112 4406; x_wconf 90' lang='lat' dir='ltr'>post</span> <span class='ocrx_word' id='word_1_285' title='bbox 1135 4299 1296 4376; x_wconf 89' lang='lat' dir='ltr'>reditum</span> <span class='ocrx_word' id='word_1_286' title='bbox 1321 4297 1614 4391; x_wconf 83' lang='lat' dir='ltr'>Heraclidamm,</span> <span class='ocrx_word' id='word_1_287' title='bbox 1648 4313 1691 4372; x_wconf 93' lang='lat' dir='ltr'>ut</span> <span class='ocrx_word' id='word_1_288' title='bbox 1715 4296 1942 4393; x_wconf 86' lang='lat' dir='ltr'>tradebatur,</span> <span class='ocrx_word' id='word_1_289' title='bbox 1977 4297 2089 4393; x_wconf 81' lang='lat' dir='ltr'>facti,</span> 
     </span>
     <span class='ocr_line' id='line_1_31' title="bbox 451 4420 2092 4532; baseline -0.001 -32"><span class='ocrx_word' id='word_1_290' title='bbox 451 4451 546 4532; x_wconf 83' lang='lat' dir='ltr'>qnae</span> <span class='ocrx_word' id='word_1_291' title='bbox 577 4428 669 4499; x_wconf 85' lang='lat' dir='ltr'>saxis</span> <span class='ocrx_word' id='word_1_292' title='bbox 701 4422 844 4526; x_wconf 91' lang='lat' dir='ltr'>sculpta</span> <span class='ocrx_word' id='word_1_293' title='bbox 877 4441 914 4499; x_wconf 89' lang='lat' dir='ltr'>et</span> <span class='ocrx_word' id='word_1_294' title='bbox 939 4451 1022 4500; x_wconf 86' lang='lat' dir='ltr'>aere</span> <span class='ocrx_word' id='word_1_295' title='bbox 1048 4426 1171 4530; x_wconf 88' lang='lat' dir='ltr'>prisco</span> <span class='ocrx_word' id='word_1_296' title='bbox 1199 4425 1432 4500; x_wconf 89' lang='lat' dir='ltr'>ostentabant</span> <span class='ocrx_word' id='word_1_297' title='bbox 1451 4421 1625 4499; x_wconf 85' lang='lat' dir='ltr'>Messenii</span> <span class='ocrx_word' id='word_1_298' title='bbox 1650 4420 1784 4518; x_wconf 83' lang='lat' dir='ltr'>(Tacit</span> <span class='ocrx_word' id='word_1_299' title='bbox 1809 4420 1907 4497; x_wconf 89' lang='lat' dir='ltr'>Anu.</span> <span class='ocrx_word' id='word_1_300' title='bbox 1932 4421 2003 4516; x_wconf 89' lang='lat' dir='ltr'>IV,</span> <span class='ocrx_word' id='word_1_301' title='bbox 2018 4427 2092 4520; x_wconf 76' lang='lat' dir='ltr'>ld.)</span> 
     </span>
     <span class='ocr_line' id='line_1_32' title="bbox 448 4543 2094 4651; baseline -0.002 -25"><span class='ocrx_word' id='word_1_302' title='bbox 448 4551 655 4626; x_wconf 90' lang='lat' dir='ltr'>recentiore</span> <span class='ocrx_word' id='word_1_303' title='bbox 673 4563 789 4622; x_wconf 88' lang='lat' dir='ltr'>aetate</span> <span class='ocrx_word' id='word_1_304' title='bbox 812 4551 1017 4651; x_wconf 93' lang='lat' dir='ltr'>composita</span> <span class='ocrx_word' id='word_1_305' title='bbox 1042 4545 1215 4624; x_wconf 86' lang='lat' dir='ltr'>videntur</span> <span class='ocrx_word' id='word_1_306' title='bbox 1240 4546 1404 4646; x_wconf 85' lang='lat' dir='ltr'>(Mirller.</span> <span class='ocrx_word' id='word_1_307' title='bbox 1421 4544 1549 4648; x_wconf 81' lang='lat' dir='ltr'>Aegin.</span> <span class='ocrx_word' id='word_1_308' title='bbox 1567 4547 1698 4649; x_wconf 73' lang='lat' dir='ltr'>psa).</span> <span class='ocrx_word' id='word_1_309' title='bbox 1734 4545 1911 4648; x_wconf 88' lang='lat' dir='ltr'>Denique</span> <span class='ocrx_word' id='word_1_310' title='bbox 1929 4543 2094 4622; x_wconf 87' lang='lat' dir='ltr'>dubitari</span> 
     </span>
     <span class='ocr_line' id='line_1_33' title="bbox 448 4662 2091 4779; baseline -0.004 -29"><span class='ocrx_word' id='word_1_311' title='bbox 448 4689 586 4779; x_wconf 90' lang='lat' dir='ltr'>potest,</span> <span class='ocrx_word' id='word_1_312' title='bbox 608 4699 655 4745; x_wconf 91' lang='lat' dir='ltr'>an</span> <span class='ocrx_word' id='word_1_313' title='bbox 678 4663 793 4756; x_wconf 72' lang='grc' dir='ltr'><strong>τελετὴ</strong></span> <span class='ocrx_word' id='word_1_314' title='bbox 819 4672 883 4744; x_wconf 78' lang='grc' dir='ltr'>τῶν</span> <span class='ocrx_word' id='word_1_315' title='bbox 910 4662 1065 4762; x_wconf 72' lang='grc' dir='ltr'>μεγάλων</span> <span class='ocrx_word' id='word_1_316' title='bbox 1090 4668 1193 4753; x_wconf 72' lang='grc' dir='ltr'>θεῶν,</span> <span class='ocrx_word' id='word_1_317' title='bbox 1220 4695 1331 4774; x_wconf 83' lang='lat' dir='ltr'>quam</span> <span class='ocrx_word' id='word_1_318' title='bbox 1348 4668 1600 4770; x_wconf 86' lang='lat' dir='ltr'>Aristomenes</span> <span class='ocrx_word' id='word_1_319' title='bbox 1616 4667 1820 4743; x_wconf 87' lang='lat' dir='ltr'>Messenius</span> <span class='ocrx_word' id='word_1_320' title='bbox 1838 4671 1933 4743; x_wconf 91' lang='lat' dir='ltr'>circa</span> <span class='ocrx_word' id='word_1_321' title='bbox 1952 4667 2017 4746; x_wconf 90' lang='lat' dir='ltr'>Ol.</span> <span class='ocrx_word' id='word_1_322' title='bbox 2034 4679 2091 4744; x_wconf 82' lang='lat'>28.</span> 
     </span>
     <span class='ocr_line' id='line_1_34' title="bbox 447 4790 2092 4902; baseline -0.003 -27"><span class='ocrx_word' id='word_1_323' title='bbox 447 4797 584 4875; x_wconf 88' lang='lat' dir='ltr'>tabulis</span> <span class='ocrx_word' id='word_1_324' title='bbox 616 4795 764 4902; x_wconf 91' lang='lat' dir='ltr'>plumbi</span> <span class='ocrx_word' id='word_1_325' title='bbox 796 4794 871 4868; x_wconf 89' lang='lat' dir='ltr'>albi</span> <span class='ocrx_word' id='word_1_326' title='bbox 904 4797 1153 4897; x_wconf 85' lang='lat' dir='ltr'>consignatam</span> <span class='ocrx_word' id='word_1_327' title='bbox 1184 4797 1224 4868; x_wconf 88' lang='lat' dir='ltr'>in</span> <span class='ocrx_word' id='word_1_328' title='bbox 1251 4793 1342 4867; x_wconf 78' lang='lat' dir='ltr'>urnis</span> <span class='ocrx_word' id='word_1_329' title='bbox 1369 4791 1552 4870; x_wconf 84' lang='lat' dir='ltr'>defodisse</span> <span class='ocrx_word' id='word_1_330' title='bbox 1578 4790 1708 4886; x_wconf 84' lang='lat' dir='ltr'>fertur,</span> <span class='ocrx_word' id='word_1_331' title='bbox 1741 4807 1828 4896; x_wconf 89' lang='lat' dir='ltr'>post</span> <span class='ocrx_word' id='word_1_332' title='bbox 1856 4790 2092 4870; x_wconf 84' lang='lat' dir='ltr'>Leuctricam</span> 
     </span>
    </p>
   </div>
   <div class='ocr_carea' id='block_1_11' title="bbox 447 4912 2093 5148">
    <p class='ocr_par' dir='ltr' id='par_1_14' title="bbox 447 4912 2093 5148">
     <span class='ocr_line' id='line_1_35' title="bbox 447 4912 2093 5024; baseline 0 -30"><span class='ocrx_word' id='word_1_333' title='bbox 447 4947 609 5024; x_wconf 85' lang='lat' dir='ltr'>pugnam</span> <span class='ocrx_word' id='word_1_334' title='bbox 626 4918 796 4995; x_wconf 90' lang='lat' dir='ltr'>Ithomae</span> <span class='ocrx_word' id='word_1_335' title='bbox 812 4933 959 5021; x_wconf 87' lang='lat' dir='ltr'>reperta</span> <span class='ocrx_word' id='word_1_336' title='bbox 977 4915 1220 5016; x_wconf 84' lang='lat' dir='ltr'>(PausanIV,</span> <span class='ocrx_word' id='word_1_337' title='bbox 1231 4919 1369 5015; x_wconf 78' lang='lat' dir='ltr'>26,l.),</span> <span class='ocrx_word' id='word_1_338' title='bbox 1389 4943 1468 4993; x_wconf 95' lang='lat' dir='ltr'>non</span> <span class='ocrx_word' id='word_1_339' title='bbox 1485 4919 1637 5020; x_wconf 87' lang='lat' dir='ltr'>antiqua</span> <span class='ocrx_word' id='word_1_340' title='bbox 1654 4915 1778 5009; x_wconf 75' lang='lat' dir='ltr'>haesit,</span> <span class='ocrx_word' id='word_1_341' title='bbox 1799 4912 1862 4991; x_wconf 85' lang='lat' dir='ltr'>sed</span> <span class='ocrx_word' id='word_1_342' title='bbox 1878 4916 1943 5019; x_wconf 82' lang='lat' dir='ltr'>pia</span> <span class='ocrx_word' id='word_1_343' title='bbox 1961 4915 2093 4994; x_wconf 82' lang='lat' dir='ltr'>frande</span> 
     </span>
     <span class='ocr_line' id='line_1_36' title="bbox 449 5039 1394 5148; baseline -0.006 -28"><span class='ocrx_word' id='word_1_344' title='bbox 449 5043 547 5120; x_wconf 90' lang='lat' dir='ltr'>fieta.</span> <span class='ocrx_word' id='word_1_345' title='bbox 603 5043 663 5120; x_wconf 88' lang='lat' dir='ltr'>Cs.</span> <span class='ocrx_word' id='word_1_346' title='bbox 693 5039 859 5117; x_wconf 82' lang='lat' dir='ltr'>Boechh.</span> <span class='ocrx_word' id='word_1_347' title='bbox 887 5045 927 5116; x_wconf 92' lang='lat' dir='ltr'>in</span> <span class='ocrx_word' id='word_1_348' title='bbox 953 5039 1251 5148; x_wconf 87' lang='lat' dir='ltr'>Corp.Inscr.I.</span> <span class='ocrx_word' id='word_1_349' title='bbox 1281 5066 1321 5143; x_wconf 89' lang='lat' dir='ltr'>p.</span> <span class='ocrx_word' id='word_1_350' title='bbox 1332 5043 1394 5114; x_wconf 83' lang='lat'>63.</span> 
     </span>
    </p>
   </div>
   <div class='ocr_carea' id='block_1_12' title="bbox 0 0 2249 5908">
    <p class='ocr_par' dir='ltr' id='par_1_15' title="bbox 0 0 2249 5908">
     <span class='ocr_line' id='line_1_37' title="bbox 0 0 2249 5908; baseline 0 0"><span class='ocrx_word' id='word_1_351' title='bbox 0 0 2249 5908; x_wconf 95' lang='lat' dir='ltr'> </span> 
     </span>
    </p>
   </div>
  </div>
 </body>
</html>
