4486 5908
457 401 507 473 84
667 455 671 465 .
741 457 745 466 .
829 440 832 455 ·
1067 399 1165 478 Paos
1189 401 1222 478 I.
1268 402 1476 480 Arrsnorx.

456 618 570 678 rator.
599 608 645 678 Ξ.
701 601 846 700 Quodsi
871 607 1028 706 genuina
1056 606 1326 703 est-lorma1,
1355 608 1505 684 titulum
1531 635 1615 683 eum
1639 613 1798 686 nummis
1823 611 2086 686 recentioribus

458 731 743 830 composuerim,
774 733 813 802 in
840 731 974 831 quibus
999 728 1128 830 Ebrio
1147 731 1272 806 tormt
1294 749 1461 807 exaratur
1481 739 1534 830 (r.
1554 730 1710 808 Eekhel.
1732 733 1902 838 Prolegg.
1918 734 1951 808 Ι.
1970 733 2084 839 Ρ.ΟΙ.

455 851 505 926 cf.
535 850 704 954 Schlaeg.
732 850 901 926 denum.
925 853 1033 926 Alex.
1055 859 1117 928 55.
1150 855 1409 948 Torremucra,
1440 855 1501 932 Cl.
1518 860 1575 932 16.
1598 861 1720 958 ιι.ό.).
1772 857 1966 934 boeckhio
1992 874 2088 934 certe

456 1001 654 1052 consensus
683 974 747 1049 ille
772 975 1017 1077 plurimorum
1038 981 1077 1052 in
1097 982 1131 1054 1
1149 979 1348 1082 probabile
1370 978 1492 1054 reddit
1510 983 1548 1055 in
1569 979 1678 1056 huius
1696 985 1946 1086 inscriptionis
1965 980 2088 1086 alpha-

333 1093 338 1098 ’
456 1102 546 1174 beto
573 1103 606 1174 1
632 1099 742 1174 luisse
768 1099 813 1200 ξῖ,
837 1115 882 1174 ut
907 1127 979 1204 pro
1006 1099 1092 1193 ζῆτα
1110 1106 1292 1206 scriptum
1318 1104 1429 1179 buerit
1448 1108 1492 1180 Ζ.
1536 1094 1629 1178 ‘tiro
1647 1106 1812 1181 vocalem
1832 1104 1982 1209 Spikeri
2000 1131 2088 1210 apo·

455 1223 635 1327 graphum
667 1224 823 1327 praebet
855 1226 895 1300 in
930 1251 1023 1302 voce
1056 1217 1318 1336 ξανθοκάρηνιις
1354 1231 1468 1304 ceteri
1501 1245 1713 1305 constanter
1745 1235 1787 1322 Ε,
1828 1227 1929 1333 quod
1963 1233 2089 1334 utique

455 1351 657 1452 scripturae
683 1349 719 1422 O
745 1373 817 1450 pro
843 1349 882 1422 Ω
907 1350 946 1420 in
970 1351 1088 1452 primi
1112 1376 1205 1426 voce
1230 1354 1343 1454 magis
1369 1354 1556 1428 convenit.
1604 1351 1724 1428 Verba
1749 1370 1875 1458 aperta
1902 1369 2001 1430 sunt:

692 1463 876 1563 Μὲλπωμεν
900 1461 1057 1547 Adverso
1082 1465 1324 1583 *tymimppo
1348 1463 1573 1586 dmaedrqa
1596 1470 1854 1586 ξαιθσκᾶρηνον.

456 1595 564 1692 Quae
595 1619 640 1670 ex
670 1596 783 1698 poeti
808 1593 979 1672 ridentur
1003 1601 1133 1701 petita,
1161 1598 1316 1686 fortasse
1341 1602 1565 1702 antiquiore,
1598 1598 1704 1676 unde.
1726 1601 1789 1676 illa
1814 1601 1976 1705 epitheta
2001 1601 2090 1678 bau·
2219 1643 2220 1672 t

455 1723 543 1795 serit
568 1717 732 1793 bacchini
758 1717 886 1822 hymni
911 1735 1041 1796 auctor
1070 1725 1110 1796 in
1136 1721 1294 1798 Anthol.
1325 1723 1470 1798 Iacobs.
1498 1723 1570 1817 111,
1595 1727 1736 1828 part.
1765 1725 1979 1828 11.p.185.
2007 1727 2087 1818 ubi,

457 1841 639 1947 quidquid
672 1842 811 1918 inhio
841 1845 1080 1948 inscriptione
1111 1849 1222 1938 inest,
1253 1852 1427 1951 reperias.
1484 1845 1717 1951 Quamquam
1742 1848 1935 1925 Boeclhio
1953 1831 2021 1924 'hic
2044 1852 2089 1924 ti·
2219 1855 2220 1860 ’

455 1967 553 2043 tulus
579 1992 625 2042 er
649 1966 827 2042 bacchico
854 1970 926 2068 istc
952 1967 1092 2074 hymno
1118 1967 1249 2045 fraude
1274 1969 1453 2069 confirmo
1478 1995 1558 2047 esse
1582 1970 1787 2048 videbatur.

666 2271 670 2280 ’
774 2254 779 2269 ’
844 2341 848 2348 ·
908 2399 912 2406 ι
1002 2309 1056 2374 ιιι
1094 2311 1152 2384 nn
1178 2278 1344 2374 nanus
1371 2311 1540 2375 sruuns.

606 2465 757 2542 Praeter
781 2457 923 2562 titulos,
952 2495 1047 2572 quos
1072 2467 1142 2544 bac
1169 2468 1375 2574 appendice
1400 2472 1619 2574 antiquioris
1644 2467 1783 2545 fraudis
1810 2473 1961 2546 nomine
1983 2486 2088 2544 nota·
2219 2459 2220 2484 ¹

452 2596 585 2685 rimus,
620 2595 704 2665 satis
730 2589 852 2694 ampla
878 2608 996 2668 exstat
1021 2598 1128 2696 copia
1156 2598 1453 2697 inscriptionum,
1487 2621 1595 2697 quae,
1624 2597 1838 2699 priusquam
1864 2597 2003 2670 rectior
2024 2593 2089 2667 ha·

452 2741 536 2790 rum
559 2739 684 2789 rerum
707 2717 766 2788 ria
793 2740 814 2787 a
840 2714 1099 2790 subtilioribus
1120 2720 1275 2820 ingeniis
1308 2733 1507 2793 monstrata
1533 2735 1601 2810 est,
1636 2715 1702 2792 diu
1733 2743 1896 2794 summae
1921 2720 2091 2794 vetustati

453 2838 733 2940 effingebantur.
792 2838 838 2910 In
876 2856 1119 2917 monumento
1157 2844 1311 2944 antiquo
1342 2839 1450 2916 fictus
1488 2849 1544 2917 est
1574 2829 1703 2917 titulus
1735 2843 1855 2917 Musei
1887 2841 2091 2918 Borbonici
2219 2905 2220 2956 q

454 2963 544 3038 olim
568 2960 809 3037 Puteolanus:
845 2954 1061 3058 τῇῈλλᾶὣ.
1079 2957 1117 3039 sl
1147 2955 1299 3071 rpo'srusos
1331 2956 1466 3052 ἐστάθη
1498 2958 1786 3065 καταιιιιηθὲντιςν
1812 2963 1876 3040 τῶν
1903 2965 2089 3074 Kepoars'iv.
2219 2975 2220 3020 1

451 3089 498 3163 In
525 3084 613 3161 ficto
641 3101 881 3161 monumento
906 3084 1034 3161 fictum
1059 3088 1208 3163 titulum
1236 3115 1280 3166 ex
1297 3086 1475 3164 Mediceis
1500 3088 1654 3163 cimeliis
1679 3089 1788 3164 affert
1805 3085 1978 3166 Masseius
1998 3087 2090 3164 crit

451 3209 641 3314 lapid.'l9.
694 3205 870 3284 Eiusdem
902 3214 1043 3312 generis
1076 3211 1183 3310 multi
1208 3229 1293 3288 sunt
1318 3212 1387 3286 sub
1416 3216 1542 3288 statuis
1568 3228 1606 3287 et
1631 3217 1812 3317 protomis
1839 3215 1979 3316 scripti.
2034 3213 2089 3286 Ex
2219 3235 2220 3320 ἦ

453 3337 586 3436 insigni
617 3347 740 3406 autem
773 3331 921 3406 officind
954 3349 1038 3409 sunt
1067 3337 1324 3439 inscriptiones
1355 3339 1482 3440 viginti
1508 3362 1570 3450 sex
1603 3363 1623 3410 a
1648 3336 1880 3412 Fourmonto
1908 3363 1953 3412 ex
1978 3333 2088 3412 Pelo·
2219 3323 2220 3340 ³

452 3479 623 3564 ponneso
654 3470 875 3558 reportatae.
931 3451 1037 3550 Quae
1068 3473 1245 3566 utu-uma
1273 3458 1505 3535 Fourmcnto
1536 3464 1619 3563 ipso
1645 3483 1692 3534 an
1717 3461 1873 3535 ab-aliis
1897 3463 1971 3536 sint
1997 3483 2085 3537 con·

451 3583 572 3676 fictae,
607 3605 676 3654 nos
706 3582 777 3651 iam
811 3603 886 3653 non
920 3583 1162 3683 inquiremus;
1194 3581 1420 3686 ‘quamquam
1454 3599 1541 3688 post
1572 3609 1674 3658 curas
1705 3581 1888 3661 Boeckhii
1912 3581 2007 3658 illud
2035 3599 2089 3658 est

236 3723 241 3736 ·
344 3745 346 3754 ,
450 3704 694 3811 probabilius.
713 3703 762 3802 (⁴)
801 3703 950 3791 Etenim
975 3703 1224 3782 Fourmontus
1238 3709 1410 3812 integros
1435 3708 1563 3784 titulos
1583 3707 1753 3810 protulit,
1784 3710 1848 3809 qui
1868 3732 1947 3782 non
1967 3707 2088 3782 solum

451 3832 714 3907 remotissimae
745 3830 866 3904 aetati.
879 3829 1113 3922 tribuuntur,
1149 3827 1213 3907 sed
1240 3833 1353 3912 *etiam
1378 3857 1401 3904 a
1431 3829 1620 3934 Spartanis
1644 3830 1941 3910 illitteratissimis
1967 3847 2013 3921 et¹
2028 3829 2087 3908 rel

450 3956 666 4058 paucissima
689 3949 943 4054 loquentibus
955 3951 1115 4055 profecti
1138 3971 1219 4028 esse
1235 3952 1432 4028 dicuntur.
1485 3955 1616 4058 Atqui,
1651 3957 1717 4057 qui
1740 3953 1901 4058 Lycurgi
1925 3958 2088 4032 instituta

453 4080 576 4153 omnia
613 4075 744 4149 litteris
777 4090 957 4178 concepta
989 4079 1190 4177 antiquitus
1224 4075 1334 4151 fuisse
1367 4091 1517 4179 putent,
1552 4081 1662 4180 pauci
1694 4075 1808 4152 hodie
1840 4081 2083 4182 reperientur.

451 4201 545 4290 Nec,
577 4202 648 4274 nisi
675 4215 805 4300 regum
834 4201 1090 4301 regionumque
1122 4198 1342 4274 familiarum
1373 4199 1562 4302 catalogos
1588 4197 1792 4298 (Plutarch.
1820 4201 1960 4304 Agesil.
1994 4206 2083 4303 tu),

453 4322 686 4398 oraculorum
704 4348 737 4396 *a
770 4323 916 4424 regibus
942 4320 1210 4399 custoditorum
1237 4323 1380 4398 tabulas
1403 4322 1607 4423 (Plutarch.
1635 4321 1722 4422 adr.
1749 4322 1877 4421 Golot,
1907 4326 1966 4402 17.
1996 4327 2082 4402 coll.

452 4443 819 4542 Herodot.VI,57.),
856 4462 894 4520 et
920 4461 1096 4549 quattuor
1121 4446 1262 4522 rhetras
1288 4447 1555 4550 antiquissimas
1586 4473 1634 4522 ex
1657 4451 1778 4550 prisci
1802 4465 1920 4525 aetate
1946 4477 2084 4528 memo·

450 4586 545 4648 ratas
576 4563 667 4666 (rid.
697 4564 974 4642 Μι11.Ι)οι·.Ι.
1002 4593 1042 4670 p.
1060 4574 1143 4645 131.
1159 4573 1237 4672 sq.)
1262 4569 1511 4678 ridemus,··in
1536 4571 1670 4673 quibus
1695 4569 1829 4646 rhetris
1855 4575 1944 4676 ipsis
1969 4578 2086 4662 inerat

454 4851 459 4858 ,
480 4779 538 4871 ’(0)
582 4784 679 4862 Quam
694 4783 793 4868 perite
813 4784 977 4846 Rosckhius
997 4785 1027 4846 iu
1047 4785 1092 4848 his
1113 4785 1199 4848 rebus
1220 4800 1348 4852 versatos
1369 4789 1415 4880 sit,
1430 4787 1489 4850 ,rel
1511 4809 1546 4850 ex
1567 4808 1603 4850 eo
1625 4787 1749 4882 intelligi
1770 4786 1876 4886 potest,
1902 4792 1993 4874 qood,
2019 4811 2084 4874 quas

449 4888 651 4972 inscriptiones
672 4887 696 4946 F
698 4884 913 4946 ourmontianas
934 4904 990 4970 pro
1011 4886 1087 4976 reris
1109 4885 1217 4964 habuit,
1239 4907 1287 4950 sae
1310 4887 1364 4949 iam
1386 4887 1536 4950 maximam
1558 4900 1669 4971 partem
1691 4889 1726 4952 ab
1747 4889 1808 4954 aliis
1830 4889 1934 4952 iterum
1958 4903 1988 4954 et
2002 4914 2084 4975 repe·

449 4991 564 5052 riuntur
578 4987 615 5060 ‚io
637 4985 762 5083 §piscia
783 4983 814 5046 et
834 4981 966 5067 repertae
987 4973 1069 5063 sunt,
1085 5008 1153 5068 quas
1174 5009 1228 5070 pro
1251 4987 1337 5066 salsis,
1362 5009 1499 5070 nusquam
1522 4989 1556 5050 ab
1578 4985 1648 5050 uttt.
1676 4989 1713 5050 V.
1728 4989 1916 5055 ttonlmcr.
1931 5013 1976 5075 gr.
1993 4992 2082 5056 ioedd.

449 5089 606 5172 ijlds·
704 5096 707 5108 '
768 5105 773 5116 ·
992 5085 1033 5116 '²
1440 5098 1499 5118 ⁴·
1676 5112 1679 5127 ·
1858 5083 1870 5111 ²
