4486 5908
578 487 580 490 ¹
705 429 751 479 nu
778 429 921 480 arrunte
948 431 1097 484 seusus.
1139 435 1178 482 n.
1195 411 1258 482 ³6.
1751 409 1800 486 87

166 633 290 686 manae
308 605 459 684 demum
475 611 601 684 aetatis
618 610 865 712 reperiuntur.
908 606 995 684 Vid.
1015 609 1110 684 inira
1129 608 1279 714 capv.
1301 626 1338 685 et
1354 609 1420 686 VI.
1440 637 1501 714 pr.
1542 610 1627 686 Alia
1645 598 1798 687 omnino

163 737 257 809 ratio
282 749 339 809 est
362 732 504 808 lormae
529 733 574 809 ll]
600 758 685 806 cum
711 734 746 808 O
774 737 999 835 compositae
1025 737 1064 814 in
1089 740 1201 809 n.2l.
1247 734 1437 837 Aspiratae
1464 760 1649 811 consonae
1675 738 1799 812 insunt

165 862 197 934 Θ
230 873 266 932 et
296 861 342 934 Χ.
395 855 471 932 Pro
499 859 712 958 compositis
738 859 768 931 Z
794 871 832 930 et
857 861 888 932 Ξ
914 857 1072 933 habetur
1096 861 1169 934 ΔΣ
1197 875 1233 934 et
1260 862 1343 953 ¹023
1376 860 1559 962 posterius
1586 862 1717 936 veteris
1745 875 1800 934 est

162 981 327 1056 Dorismi
351 996 390 1056 et
412 979 593 1056 Aeolismi
618 984 672 1078 (v.
701 979 850 1083 alphab.
878 984 952 1056 titt.
981 997 1114 1058 vetust.
1143 1009 1173 1058 s.
1191 982 1254 1080 1.).
1309 979 1383 1057 Sed
1410 987 1484 1059 ΔΣ
1509 1009 1579 1086 pro
1606 987 1640 1060 1
1666 987 1741 1060 sive
1767 985 1798 1060 Ζ

162 1109 200 1180 in
227 1105 342 1181 titulis
367 1107 532 1208 genuinis
558 1129 636 1178 non
661 1107 857 1206 reperitur,
893 1131 1029 1207 neque,
1060 1109 1208 1209 opinor,
1237 1133 1412 1210 umquam
1439 1097 1654 1210 reperietur.
1692 1106 1798 1181 Dia-

162 1229 278 1306 lectus
315 1226 454 1304 decreti
486 1245 614 1303 contra
644 1227 884 1303 Timotheum
915 1229 1101 1304 Milesium
1132 1230 1220 1306 licet
1257 1257 1334 1305 non
1370 1245 1470 1305 extra
1503 1228 1656 1306 dubium
1687 1233 1800 1333 positi

162 1369 261 1430 certe
292 1357 366 1430 ΣΔ
397 1379 468 1460 pro
494 1356 528 1429 ἶ
553 1353 720 1456 praebet,
754 1368 797 1426 ut
821 1356 1093 1430 ΑΤΙΜΑΣΔΕ.
1146 1354 1193 1428 In
1218 1353 1297 1452 aliis
1322 1357 1361 1430 Δ
1387 1353 1542 1458 simplex
1568 1355 1799 1429 substituitur

162 1481 376 1581 antiquitus,
404 1491 446 1551 ut
462 1467 546 1552 Δεύς
562 1501 633 1581 pro
650 1466 729 1554 zade
745 1475 953 1581 (Hesych.),
982 1470 1116 1551 Δάνκλε
1133 1481 1172 1553 in
1188 1479 1346 1552 nummis
1365 1475 1554 1552 Zanclaeis
1571 1480 1621 1575 (v.
1644 1475 1797 1552 Eclrbel

161 1603 189 1676 1.
206 1604 367 1706 patu),
396 1599 496 1676 unde
521 1601 769 1678 Fourmontus
795 1604 991 1704 promsisse
1018 1629 1123 1676 suum
1140 1596 1343 1704 Amgrllcpoc
1370 1600 1515 1678 videtur
1540 1599 1670 1706 (Corp.
1684 1601 1797 1676 lnscr.

160 1731 308 1826 n.58.).
362 1727 478 1829 Magis
511 1727 620 1800 etiam
653 1709 812 1801 offendit
845 1723 1026 1828 digamma
1058 1729 1246 1800 omissum.
1300 1725 1416 1801 Prisci
1442 1728 1540 1801 enim
1566 1724 1733 1800 Lacones
1760 1741 1798 1800 et

158 1852 401 1926 remotissima
433 1865 548 1925 aetate
581 1848 716 1925 Graeci
745 1851 906 1924 universi
931 1845 1027 1927 Fs'rsr
1052 1847 1225 1926 dicebant
1251 1865 1289 1926 et
1312 1841 1440 1952 Ρᾶναξ,
1474 1847 1572 1924 unde
1599 1864 1698 1924 certe
1724 1858 1798 1922 Δα-

158 1967 365 2067 uch'rcroc
389 1988 620 2077 exspectatur
643 1975 682 2048 in
708 1975 947 2076 inscriptione
973 1974 1111 2067 nostrai,
1139 1977 1354 2083 praesertim
1381 1999 1496 2080 quum
1521 1972 1581 2050 vel
1604 1976 1644 2048 in
1659 1970 1796 2049 Roma·

159 2125 230 2175 nae
262 2102 388 2174 aetatis
414 2095 525 2173 titulo
551 2097 739 2171 Laconico
765 2094 944 2172 habeatur
968 2087 1232 2206 Edpussu'vnccc.
1283 2099 1379 2173 Mira
1409 2099 1652 2173 inconstantia
1679 2099 1797 2171 estin

125 2233 129 2238 ’
158 2227 332 2300 consonis
359 2219 473 2296 modo
500 2217 693 2325 duplicatis
720 2217 834 2294 modo
861 2246 939 2295 non
965 2219 1173 2325 duplicatis,
1200 2237 1244 2296 ut
1261 2211 1482 2305 ἶΑπὸλλωνος,
1504 2211 1674 2303 Καλιστῶ,
1694 2209 1798 2294 ’And-

158 2359 268 2431 καλις,
291 2338 505 2422 ’mesonc
544 2343 794 2418 Vetustiorem
824 2339 1007 2420 rationem
1031 2370 1108 2418 non
1135 2342 1351 2448 duplicandi
1376 2370 1485 2449 supra
1510 2342 1666 2419 vidimus
1692 2347 1796 2447 pls.

156 2473 203 2549 In
235 2471 355 2578 longis
388 2467 578 2546 vocalibus
610 2483 731 2542 autem
758 2493 897 2542 novum
923 2482 1127 2541 monstrum
1154 2464 1463 2571 deprehendimus
1491 2474 1548 2544 ΕΕ
1573 2492 1642 2571 pro
1672 2469 1719 2556 Η,
1754 2481 1797 2542 ut

158 2599 279 2674 estin
305 2594 385 2669 aliis
410 2593 708 2668 Fourmontianis
735 2605 772 2666 et
802 2593 841 2665 in
865 2589 975 2665 titulo
1001 2589 1250 2694 Petrizzopuli
1281 2596 1393 2666 n.39.
1423 2591 1560 2668 inillis
1587 2594 1697 2666 etiam
1722 2590 1796 2667 00

154 2748 230 2828 pro
255 2722 307 2796 Ω.
360 2717 544 2794 Neutrum
574 2718 613 2790 in
644 2714 724 2789 aliis
748 2713 863 2789 titulis
889 2717 1085 2806 inveneris,
1115 2718 1184 2789 nisi
1210 2718 1266 2808 iis,
1303 2741 1398 2819 quos
1422 2716 1733 2792 Fourmontianos
1759 2728 1795 2789 et

154 2841 406 2946 Petrizzopuli
438 2843 689 2942 cognovimus.
744 2837 983 2912 Homericum
1014 2831 1118 2911 δέελον
1149 2841 1200 2913 ita
1227 2853 1282 2914 est
1307 2839 1502 2942 singulare,
1535 2856 1577 2915 ut
1602 2838 1796 2943 peculiaris
1875 2868 1882 2876 “

156 2967 341 3074 quaedam
367 2969 459 3040 ratio
486 2965 634 3039 subesse
660 2959 838 3037 videatur.
879 2961 1013 3065 Neque
1039 2963 1107 3037 alia
1128 2962 1295 3065 exempla
1313 2963 1470 3066 protulit
1484 2963 1631 3039 Villois.
1649 2959 1793 3036 Anecd.

154 3094 210 3170 11.
235 3094 374 3196 pits.
390 3115 447 3192 sq.
502 3086 564 3162 Cf.
593 3083 759 3160 Boeckh.
795 3099 922 3160 contra
948 3085 1123 3162 Rochett.
1154 3084 1400 3190 disputantem
1426 3113 1465 3190 p.
1478 3086 1581 3161 69.b.
1616 3101 1653 3161 et
1677 3083 1791 3176 Rose,

153 3217 276 3292 Inscr.
304 3229 437 3291 vetust.
465 3209 605 3316 p.XX.
658 3208 834 3312 Denique
866 3211 936 3284 ΟΥ
962 3226 1173 3286 constanter
1197 3213 1388 3314 scriptum,
1424 3207 1527 3313 quod
1554 3213 1593 3284 in
1618 3209 1795 3311 antiquis·

154 3343 257 3418 simis
289 3355 327 3414 et
357 3335 585 3413 indubitatae
617 3331 705 3408 fidei
734 3333 851 3408 titulis
877 3333 1008 3408 frustm
1036 3360 1202 3440 quaeras,
1238 3337 1395 3409 maxime
1422 3331 1580 3410 ollendit
1604 3336 1644 3408 in
1668 3335 1794 3408 termi-

154 3463 369 3540 nationibus
400 3460 465 3562 (cl.
495 3463 642 3554 n.3t.),
676 3455 790 3560 idque
822 3457 875 3531 ibi
907 3483 1058 3560 quoque
1088 3462 1271 3562 positum,
1304 3459 1371 3533 ubi
1403 3483 1449 3534 ex
1481 3457 1627 3534 dialecti
1642 3459 1795 3544 ratione

155 3605 254 3665 stare
279 3584 386 3660 nullo
412 3579 526 3659 modo
553 3597 689 3685 potest,
723 3597 766 3655 ut
795 3585 833 3655 in
858 3606 951 3657 voce
978 3571 1087 3691 scripu
1140 3579 1293 3685 Quippe
1317 3580 1485 3656 Lacones
1513 3572 1604 3690 stipa
1627 3605 1793 3683 pronun·

154 3697 312 3788 tiaba'nt.
366 3708 559 3783 Postremo
586 3704 733 3780 dialecti
759 3702 949 3780 considera
974 3705 1226 3782 intolerabiles
1250 3705 1457 3782 varietates:
1480 3705 1639 3816 ’herpone
1665 3700 1794 3804 (dehe-

139 3835 222 3914 'bat
241 3849 347 3909 'certe
368 3821 542 3940 Ἀερὸπα),
578 3826 679 3933 quod
705 3828 886 3924 Doricum
913 3845 982 3923 est;
1010 3820 1199 3919 Ἀμυμὸνεε,
1224 3819 1412 3938 Καλλιςὸεε,
1446 3853 1540 3931 quae
1573 3853 1617 3902 ex
1643 3826 1795 3928 vulgatis

155 3974 245 4038 sunt
270 3956 474 4059 desumpta.
516 3951 579 4028 Sic
607 3943 855 4060 Πολυμὲστορος
880 3955 956 4052 sive
975 3945 1250 4060 Πολυμεὲστορος,
1276 3979 1347 4055 pro
1377 3979 1453 4057 quo
1475 3948 1636 4029 debebat
1656 3923 1795 4025 dicturd

155 4110 238 4162 esse
268 4071 534 4187 Holupdrmpoc.
584 4077 714 4179 Atqui,
748 4075 835 4151 licet
865 4074 975 4152 Paus.
1006 4076 1168 4175 (Insa)
1200 4077 1355 4180 Argivos
1388 4092 1472 4151 ante
1503 4075 1651 4153 Dorum
1676 4077 1793 4177 impe·

153 4213 255 4286 rium
281 4203 390 4281 simili
416 4219 527 4308 atque
551 4199 795 4275 Athenienses
821 4225 991 4275 sermone
1016 4226 1102 4274 usos
1130 4225 1208 4275 esse
1238 4199 1450 4292 contendat,
1479 4191 1793 4303 praetereuntis

153 4337 349 4410 universae
373 4327 635 4430 Peloponneso
658 4323 810 4398 Aeolica
838 4339 922 4398 ante
948 4323 1078 4422 Dores¹
1097 4320 1273 4401 dialectos
1304 4320 1500 4398 tribuenda
1527 4337 1595 4418 est;
1628 4337 1669 4396 ut
1693 4321 1794 4397 Ioni·

156 4484 225 4536 cae
250 4455 395 4556 linguae
422 4455 460 4526 in
486 4450 782 4525 Fourmontianis
809 4473 893 4522 usus
913 4472 990 4521 non
1010 4450 1142 4540 minus,
1169 4473 1279 4550 quam
1299 4463 1432 4539 cetera,
1462 4444 1600 4521 fraudis
1620 4446 1795 4548 praebeat

155 4579 350 4658 indicium.
406 4575 474 4650 His
502 4575 672 4648 omnibus
701 4575 739 4646 in
765 4599 879 4646 unum
908 4570 1072 4646 collectis
1100 4569 1259 4646 dubitari
1278 4596 1355 4646 non
1383 4559 1530 4674 potest,
1551 4571 1643 4672 quin
1667 4569 1794 4645 titulus

157 4707 306 4810 spurius
343 4704 407 4776 sit:
451 4696 550 4803 quod
593 4695 768 4782 iudicium
808 4697 920 4797 magis
959 4699 1067 4774 etiam
1100 4722 1145 4771 ex
1177 4711 1391 4798 argumento
1424 4697 1671 4797 inscriptionis
1705 4718 1792 4768 con.-

154 4831 339 4908 firmatur.
832 4886 838 4902 .

312 4949 373 5024 De
402 4946 587 5050 Apollinis
616 4945 805 5050 Amyclaei
836 4939 1041 5018 sacerdotio
1073 4947 1129 5046 agi
1159 4941 1382 5020 Barthelem.
1417 4944 1548 5015 merito
1576 4938 1724 5043 collegit
1750 4967 1794 5018 ex

155 5077 388 5164 nominibus,
426 5096 520 5173 quae
549 5071 601 5144 ibi
633 5071 816 5171 leguntur.
878 5067 1003 5142 Fuerit
1036 5070 1146 5168 igitur
1176 5067 1356 5142 muliebre
1390 5062 1577 5166 Apollinis
1606 5062 1795 5169 Amyclaei
