4562 5906
509 411 559 492 '18
951 437 969 476 ·=
990 435 1018 470 ··
1051 445 1091 476 ι»
1124 417 1453 494 1τιιιιιιοιιιιοιιοι
1542 441 1548 455 ·
1638 415 1664 454 '·

508 621 670 696 Litteris
684 615 821 724 graecis
834 615 965 710 ιιιιιὶιιιΙ
977 618 1133 696 eandem
1158 620 1312 724 liguram
1339 621 1450 698 fuisse
1476 647 1587 724 quam
1602 621 1827 716 Phoeniciis,
1847 642 1942 700 mon
1958 627 2031 700 'arna
2049 651 2124 700 cum

509 746 632 848 linguai
659 751 767 821 etiam
794 745 943 820 modum
969 745 1172 821 litterarum
1198 745 1424 850 figuramque
1443 748 1489 822 ab
1509 751 1596 850 ipsis
1613 747 1865 823 Phoenicibus
1881 748 2047 852 paullum
2062 753 2123 824 im·

509 887 683 944 mutatam
709 895 787 944 esse
811 868 922 946 tradit
947 867 1161 944 Herodotus
1189 870 1359 970 (V.58.).
1401 872 1451 945 Et
1475 876 1652 975 temporis
1678 898 1874 975 progressu
1899 877 2000 976 ipsos
2024 874 2124 948 Iones

510 993 774 1098 aliquantulum
804 998 961 1070 variasse
992 997 1031 1068 in
1061 993 1191 1069 litteris
1223 993 1322 1070 idem
1354 1011 1483 1070 auctor
1516 1011 1582 1070 est.
1624 993 1739 1090 ¹Quas
1771 1001 1991 1074 mutationes
2022 995 2124 1072 hodie

433 1135 435 1140 ’
510 1122 574 1220 qui
597 1117 685 1193 velit
714 1118 898 1222 indagare,
926 1142 1060 1194 vereor
1089 1143 1136 1237 qe
1166 1144 1317 1222 operam
1343 1117 1444 1195 ludat
1473 1119 1539 1215 (cf.
1567 1135 1691 1194 tamen
1716 1120 1882 1196 Baeuml.
1911 1121 1939 1196 l.
1957 1149 1991 1198 c.
2019 1123 2122 1223 pst.
2233 1187 2234 1246 ζ

508 1246 598 1346 sq).
652 1241 732 1318 Nec
758 1248 877 1318 minus
903 1243 1173 1345 incompertum
1199 1240 1265 1337 est,
1296 1259 1390 1346 quot
1416 1243 1659 1346 qualibusque
1677 1249 1836 1347 primum
1853 1247 1985 1322 litteris
2003 1243 2124 1320 Graeci

506 1370 563 1440 usi
594 1369 680 1442 sint.
700 1368 749 1466 (*)
799 1369 924 1470 Atque
955 1367 1064 1442 Iones
1086 1367 1241 1470 quidem
1274 1371 1341 1442 mi
1366 1367 1474 1444 huius
1502 1375 1652 1486 quoque
1684 1367 1894 1471 praeclarae
1917 1374 1974 1446 rei
1998 1369 2124 1444 utilita-

505 1508 581 1566 tem
607 1494 747 1595 primos
772 1488 1066 1600 animadvertisse
1090 1490 1136 1573 ad
1165 1517 1319 1613 eamque
1345 1491 1505 1567 studium
1531 1507 1569 1569 et
1594 1495 1778 1604 ingenium
1804 1519 1911 1577 suum
1937 1493 2124 1574 contidisse

505 1615 612 1690 facile
639 1611 904 1708 concedimus,¹
917 1633 1040 1691 tamen
1066 1594 1196 1690 edrum
1221 1621 1443 1692 commercio
1470 1616 1673 1692 litterarum
1694 1615 1984 1696 Phoeniciarum
2009 1620 2125 1719 cogni·

502 1743 647 1814 tionem
664 1738 826 1815 Graecos
845 1739 1013 1814 debuisse
1031 1741 1090 1838 (ut
1102 1755 1210 1844 putat
1225 1735 1375 1816 Miller.
1394 1741 1498 1816 Diar.
1520 1741 1591 1816 litt.
1612 1740 1721 1836 Gott.
1747 1749 1854 1816 18³1.
1871 1749 1975 1817 ιιὸιι
1992 1745 2079 1846 p.29
2085 1743 2126 1840 9.)

507 1863 688 1940 obstinate
715 1889 899 1966 negamus.
945 1863 1041 1938 Nam
1068 1891 1182 2008 qpum
1208 1865 1378 1971 velante
1404 1865 1513 1940 Iones
1541 1868 1763 1942 commercio
1789 1863 1969 1993 florenteq
1991 1893 2012 1940 a
2037 1881 2124 1941 cete·

506 1993 555 2062 ris
574 1986 724 2062 Graecis
749 1985 840 2062 haec
866 1991 1027 2090 cognitio
1056 1982 1255 2063 abiudicari
1281 2016 1359 2064 non
1383 1994 1513 2092 possit,
1541 2007 1619 2064 tum
1637 1982 1875 2094 alphabetum
1892 1960 2125 2066 Phbenicinnt

506 2136 584 2187 non
615 2112 661 2185 ab
692 2139 764 2186 una
791 2127 898 2214 gente
931 2113 1008 2214 per
1026 2109 1217 2188 Graeciam
1243 2129 1484 2217 propagatum
1511 2111 1640 2190 sedin
1673 2113 1823 2197 diversis
1848 2117 2061 2218 regionibus
2083 2113 2123 2186 ab

407 2221 411 2232 ¹
506 2239 594 2339 ipsis
620 2234 869 2312 Phoenicibus
894 2261 1092 2339 sparsum
1087 2261 1164 2311 esse
1190 2237 1359 2340 pluribus
1386 2265 1430 2312 ex
1455 2237 1598 2340 indiciis
1625 2238 1788 2342 colligas.
1931 2325 1935 2335 Ι

658 2369 695 2434 3.
741 2361 798 2434 Ex
829 2357 1028 2463 alphabeto
1060 2353 1170 2463 igitur
1195 2352 1397 2438 Phoenicio
1433 2389 1547 2466 quum
1572 2351 1726 2438 Aeoles
1733 2348 1948 2466 Dorsaque
1955 2333 2123 2466 pleraque

506 2489 626 2559 omnia
653 2483 962 2589 deprompserint,
990 2485 1104 2574 Iones
1127 2490 1192 2589 qui
1216 2486 1376 2572 Atticam
1401 2487 1633 2580 incolebant}
1655 2485 1723 2562 has
1744 2489 1979 2591 potissimum
1999 2488 2122 2562 litteras

504 2608 676 2686 videntur
700 2610 964 2713 frequentasse.

931 2667 1715 2817 assuereeiasrrooasr

505 2855 637 2960 Neque
664 2862 761 2933 enim
786 2858 899 2932 Plinii
922 2859 1049 2949 verba,
1080 2861 1228 2961 opinor,
1260 2873 1360 2939 recte
1385 2859 1716 2960 interpretabimur¹
1733 2858 1797 2957 (Η.
1813 2859 1863 2935 N.
1869 2859 1971 2944 ,lVJL-
1964 2867 2073 2954 ·.,58)
2098 2859 2122 2932 si

504 2985 644 3086 priscos
669 2981 812 3058 Atticos
839 2981 916 3060 ΤΒ
944 3008 1014 3085 pro
1043 2983 1082 3066 G
1111 2985 1296 3105 scripsisse
1321 2999 1506 3085 putemus;
1534 2980 1572 3075 id
1600 2976 1725 3086 quod
1722 3007 1846 3100 neque
1864 3009 1908 3058 ex
1925 2986 2121 3105 inscriptio

504 3107 657 3204 nibus(
659 3107 837 3208 )neque
864 3132 908 3181 ex
934 3063 1104 3182 numinis!
1118 3075 1361 3183 demonslrari
1378 3103 1580 3211 potestb'r.
1584 3093 1713 3210 Gorp.
1728 3106 1843 3182 Inscr.
1865 3105 1896 3183 Ι.
1887 3135 1958 3212 p
1969 3113 2036 3209 6)
2064 3129 2123 3180 nec

504 3235 574 3305 nisi
564 3229 830 3304 Grammatici
848 3247 886 3305 et
902 3230 1024 3332 lingna
1042 3229 1153 3318 latina
1169 3230 1305 3305 factum
1323 3247 1502 3306 testantur
1518 3232 1690 3352 (Dionys.
1712 3229 1844 3306 Thrac.
1861 3231 1977 3318 Belli.
1994 3227 2122 3307 Anecd

503 3355 712 3457 11.p.7so.
741 3355 836 3428 Mar.
852 3352 1032 3429 Victoria.
1053 3359 1217 3456 panno.
1245 3354 1422 3430 Priscian.
1441 3360 1581 3458 p.5l2.
1601 3355 1710 3430 lib.I.
1741 3353 1788 3430 de
1813 3383 1970 3432 numero
1996 3357 2122 3432 littera·

504 3485 617 3578 ιιιιιι);
650 3504 772 3581 neque
803 3475 917 3552 fidem
947 3477 1125 3554 habemus
1154 3477 1291 3570 Plinio,
1328 3484 1392 3582 qui
1423 3476 1661 3558 Aristotelem
1692 3479 1805 3556 refert
1834 3479 1993 3557 litteram
2019 3485 2052 3558 Θ
2083 3479 2122 3552 ab

503 3603 728 3707 Epicharmo
757 3629 866 3706 quam
892 3629 913 3676 a
939 3601 1134 3707 Palamede
1161 3600 1322 3704 additam
1349 3600 1532 3676 maluisse.
1562 3587 1681 3678 Nam
1709 3631 1823 3706 quum
1854 3622 2028 3715 appareat
2053 3629 2122 3680 eam

506 3753 550 3802 ex
583 3717 780 3830 alphabeto
807 3692 1021 3802 Phoenicio
1039 3697 1101 3801 ad
1118 3717 1302 3801 Graecos
1306 3730 1502 3819 transiisse,
1538 3742 1616 3800 tum
1644 3728 1908 3804 obtinuissem
1935 3730 2122 3834 alphabeto

504 3855 762 3943 vetustissimo,
791 3854 830 3924 in
857 3877 932 3953 quo
961 3855 1028 3928 ΡΗ
1058 3863 1099 3926 et
1122 3853 1183 3926 ΚΗ
1211 3841 1345 3954 (prbi)
1367 3865 1404 3924 et
1421 3855 1481 3950 Χ),
1510 3819 1766 3953 inscriptiddes
1783 3840 1972 3928 Therae‘ae
1999 3852 2123 3928 docent

504 3983 554 4076 (v.
573 3975 701 4080 paullo
718 3980 831 4078 post).
877 3975 981 4066 At,
970 3979 1127 4083 inquies,
1157 4002 1222 4049 cur
1247 4001 1325 4089 nun
1351 3993 1433 4050 ante
1460 3973 1668 4048 Theraeum
1694 3975 1932 4079 alphabetum
1958 3976 2123 4054 exstiterit

506 4101 619 4193 alind,
649 4097 751 4203 qnod
777 4098 898 4173 littera
926 4101 965 4182 Θ
994 4090 1176 4174 caruerit?
1218 4092 1301 4173 Hoc
1326 4102 1486 4202 primum
1512 4100 1708 4202 probabile
1735 4126 1812 4174 non
1830 4117 1885 4176 est
1902 4081 1963 4176 vel
1979 4116 2123 4206 propter

504 4225 648 4317 locum,
684 4250 794 4326 quem
831 4225 913 4306 Θ
903 4249 941 4296 ιιι
974 4223 1173 4326 alphabeto
1207 4225 1412 4326 oestrpavit.
1466 4222 1570 4298 Neve
1601 4217 1699 4296 mih'i
1726 4225 1883 4300 obiicias
1893 4222 2120 4322 litteramfi,

507 4375 616 4452 quam
643 4351 899 4451 antiquissimis
925 4350 1154 4449 temporibus
1181 4375 1295 4452 quum
1323 4343 1478 4422 Samech
1496 4341 1671 4455 (σίγμα)
1660 4347 1839 4425 inlocum
1855 4349 1999 4460 litterae
2017 4345 2122 4425 Schin

504 4465 600 4572 (cdv)
625 4476 800 4564 cessisset,
835 4473 932 4546 illius
959 4469 1083 4548 sedem
1110 4498 1307 4598 occupasse
1335 4487 1501 4573 apertum
1528 4480 1598 4546 est.
1647 4470 1794 4546 Deinde
1820 4477 2003 4577 antiquius
2029 4471 2119 4548 The·

504 4623 592 4675 raeo
626 4594 861 4698 alphabetum
889 4594 1126 4670 Grammatici
1156 4591 1234 4670 nod
1260 4583 1526 4697 cbgnoverunt,
1561 4581 1628 4700 qui
1647 4599 1806 4728 primam
1831 4591 1985 4675 aetatem
2010 4593 2120 4673 litterai

506 4787 913 4807 W

488 4971 490 4974 Ι
555 4905 606 4985 (ι)
633 4901 681 4964 Ad
697 4903 776 4964 illam
794 4915 915 4965 aetatem
935 4903 1150 5011 Grammaticos
1170 4901 1220 4984 qni
1238 4904 1365 5026 aqxw
1381 4905 1485 4967 litteris
1498 4905 1655 4981 somniant,
1673 4927 1735 4995 non
1755 4910 1927 5011 mspexispe,
1942 4930 2006 4988 pou
2020 4918 2121 5013 esttcnr

506 5027 684 5067 moneamus.
1692 5016 1696 5034 ·
1898 5018 1900 5027 ·

405 5105 417 5126 '
557 5109 628 5187 Ψ)
656 5109 735 5172 Cave
749 5107 802 5170 tibi
816 5109 928 5190 imponi
941 5109 1058 5191 patiaris
1071 5131 1087 5170 a
1100 5108 1186 5172 titnlo
1200 5109 1480 5191 maletransscripto
1500 5107 1592 5192 Corp.
1606 5076 1700 5172 lusor.¹
1713 5131 1742 5172 n.
1751 5121 1832 5176 9057.
