4486 5908
389 435 436 486 os
462 435 604 486 rrrunrs
631 437 671 484 111
699 436 851 488 serumst
877 434 1138 500 arrrourrrrts
1165 435 1396 486 cour0s1r1s.
1427 415 1615 484 n.at.32.
1775 412 1822 490 77

183 629 239 690 est
272 612 318 692 Β.
374 611 460 690 Sed·
481 621 560 690 tota
590 613 683 690 baec
701 617 911 718 ¹antiquitas
942 611 1142 690 destruitur
1171 613 1245 690 uni
1277 610 1510 716 diphthongo
1544 615 1628 706 ΟΥ,
1664 616 1823 716 quaein

182 747 299 833 casus,
328 754 371 814 ut
395 735 555 832 videtur,
582 741 841 814 terminatione
866 754 1069 842 comparet.
1123 735 1229 832 Quae
1254 736 1327 840 legi
1352 753 1522 842 possunt,
1551 737 1642 814 baec
1668 753 1766 812 suntr

768 857 841 952 ίμου
873 855 1087 969 11111ρόςέγῶ
1114 851 1260 962 ἕστα[κα
1286 915 1318 935 ..

765 1013 861 1078 roura
886 975 1030 1060 nativos
1054 995 1246 1060 From...

722 1149 728 1186 :
815 1101 1054 1210 dlrabodocrr.

179 1232 277 1308 Nam
302 1233 430 1310 ultima
456 1234 579 1310 littera
604 1233 751 1310 videtur
776 1235 812 1308 O
840 1259 933 1310 esse.
975 1233 1040 1310 Vs.
1057 1241 1092 1310 2.
1121 1245 1279 1310 Ρασσ...
1305 1233 1491 1338 reliquum
1518 1251 1572 1311 est
1598 1261 1643 1312 ex
1669 1237 1821 1309 nomine

179 1358 335 1436 fortasse
368 1359 415 1434 ab
434 1347 536 1432 doru
570 1363 792 1460 composito,
834 1355 938 1462 quod
970 1375 1069 1434 certe
1102 1357 1283 1461 digamma
1315 1358 1441 1452 habet,
1480 1374 1522 1432 ut
1555 1357 1672 1461 Corp.
1701 1359 1817 1434 Inscr.

179 1509 219 1558 n.
235 1486 345 1557 1520.
376 1477 474 1586 ΡΑ(
486 1479 723 1584 ξΤνΟΨΟ
757 1483 848 1583 (boe
874 1497 930 1558 est
948 1474 1172 1584 Ἀστυόχου).
1226 1481 1287 1560 De
1313 1481 1461 1586 duplice
1488 1485 1600 1585 sigma
1625 1479 1701 1560 rid.
1730 1485 1817 1557 titu-

178 1604 258 1681 lum
284 1609 513 1711 superiorem
539 1614 653 1682 nso.

966 1879 1034 1968 32.

177 2040 322 2124 Repperit
342 2039 503 2103 Sberardus
524 2039 617 2102 tribus
638 2061 654 2102 a
676 2041 766 2126 Sigeo
787 2041 995 2126 promontorio
1016 1993 1184 2118 miliaribus,
1205 2063 1265 2126 qno
1287 2039 1354 2103 loeo
1376 2039 1445 2104 olim
1467 2041 1605 2125 oppidum
1621 2041 1742 2126 Sigeum
1760 2053 1818 2103 ste·

302 2141 348 2203 tit.
391 2139 544 2203 Prodierat
564 2141 692 2202 Londini
713 2158 737 2202 a.
761 2143 850 2206 1721.
873 2141 925 2204 l'ol.
952 2152 982 2205 et
1002 2141 1096 2226 bugd.
1117 2141 1181 2202 Bu.
1202 2164 1228 2204 a.
1250 2144 1339 2208 1727.
1360 2142 1391 2205 8·
1431 2141 1546 2204 Deinde
1566 2141 1656 2204 edidit
1677 2139 1819 2203 ctistutt.

302 2241 385 2304 tnta.
406 2241 496 2304 Arist
517 2239 581 2324 pt.
603 2254 632 2303 et
654 2243 759 2304 illumi.
780 2242 868 2305 Thes.
886 2244 976 2305 lnsrr.
991 2244 1045 2306 lv.
1066 2263 1095 2326 p.
1104 2240 1250 2304 MlllClll.
1291 2243 1369 2306 Tum
1390 2241 1501 2306 Hessel.
1522 2242 1552 2306 in
1574 2241 1706 2326 Appeod.
1727 2238 1818 2325 prael.

294 2341 337 2430 ad
363 2343 455 2428 lucer.
476 2340 556 2427 (iud.
577 2341 811 2426 erxxvufflex
835 2343 948 2408 schedis
971 2343 1085 2406 Dukeri
1112 2343 1356 2428 liocbepiedianis
1380 2341 1427 2406 vel
1448 2343 1620 2406 Horatianis.
1664 2341 1818 2403 Cbandler.

301 2443 392 2506 laser.
406 2445 432 2504 1.
453 2465 482 2527 p.
490 2445 519 2506 3.
540 2437 576 2505 e'x
597 2442 716 2505 Revetti
730 2442 934 2519 delineatione,
954 2464 1040 2526 11111111
1055 2464 1120 2505 eum
1134 2443 1284 2506 Boeckbio
1298 2443 1454 2528 sequimur.
1498 2442 1650 2519 Clitore,
1671 2442 1817 2524 inscriptt.

302 2554 406 2606 vetust
428 2566 457 2625 p.
470 2545 495 2605 1.
517 2555 547 2606 et
567 2539 769 2626 psat-347:
791 2543 947 2624 ¹‚lilarmon
975 2543 1022 2605 eui
1043 2541 1121 2606 tituli
1142 2543 1273 2628 inscripti
1293 2555 1371 2622 suut,
1391 2543 1480 2606 altum
1502 2555 1545 2606 est
1565 2543 1652 2626 pedes
1667 2541 1752 2618 vm,
1773 2541 1817 2602 di-

178 2668 183 2677 ·
302 2644 380 2729 gitos
395 2643 464 2718 vlt,
484 2641 573 2704 latum
595 2643 697 2726 pedem
718 2641 743 2719 1,
765 2643 871 2728 digitos
886 2643 931 2704 v1
952 2655 982 2706 et
1001 2643 1100 2728 paullo
1120 2643 1195 2729 plus,
1216 2665 1341 2708 erassum
1362 2643 1481 2708 ultraX
1502 2644 1619 2730 digitos.
1653 2643 1816 2706 Insnmmo

258 2795 261 2802 .
303 2743 399 2829 lepide
423 2741 521 2806 medio
549 2743 678 2806 ioruuen
696 2745 827 2806 iodrum
853 2756 897 2808 est
917 2745 1025 2830 digitos
1046 2743 1110 2828 plur
1131 2767 1216 2828 quam
1237 2745 1310 2808 duos
1330 2743 1431 2824 altum,
1457 2757 1517 2809 tres
1537 2745 1644 2830 digitos
1665 2743 1764 2820 latum,
1785 2744 1816 2806 in

301 2857 462 2929 quoprtet
481 2844 649 2929 imaginem,
675 2867 747 2926 quae
768 2844 902 2926 imposita
923 2857 996 2924 erat,
1016 2845 1131 2911 infixam
1151 2845 1247 2910 luisse
1289 2847 1492 2912 Numestio
1514 2848 1616 2912 Museo
1637 2845 1816 2908 britannico.

301 2947 405 3010 utto.
426 2946 476 3010 sed
497 2944 580 3020 valde
600 2945 747 3033 detritum.
768 2945 836 3006 Vid.
855 2945 987 3028 Walpol.
1008 2948 1096 3010 llam.
1116 2949 1203 3032 pst.
1213 2970 1255 3032 sq.

847 3091 929 3174 [Vid.
947 3099 1006 3154 tab.
1024 3093 1141 3176 msera]

329 3227 439 3303 Duae
475 3242 566 3302 sunt
591 3228 862 3330 inscriptiones.
917 3225 1085 3330 Utraque
1117 3224 1281 3304 eiusdem
1308 3231 1512 3332 argumenti
1537 3244 1593 3304 est
1619 3245 1657 3304 et
1681 3230 1814 3330 scripta

174 3341 440 3462 Baurrprpndo'r,
471 3352 671 3454 incipiente
702 3350 847 3455 scalpro
880 3377 900 3426 a
926 3351 1083 3427 sinistri.
1133 3350 1220 3427 Vid.
1248 3351 1393 3428 Introd.
1411 3352 1458 3428 V.
1514 3351 1620 3447 Quae
1646 3355 1815 3456 superior

176 3493 235 3554 est
258 3479 463 3581 inscriptio,
498 3475 629 3552 lavitar
654 3491 710 3550 est
733 3478 846 3550 incisa
872 3491 911 3551 et
934 3475 1200 3579 perfunctorie,
1235 3501 1330 3580 quae
1355 3476 1522 3569 inferior,
1550 3480 1644 3552 iuste
1672 3489 1813 3578 armata

175 3615 245 3679 est.
299 3601 402 3676 Haec
426 3599 557 3675 litteris
582 3603 784 3703 perscripta
811 3614 865 3674 est
890 3601 948 3693 iis,
986 3600 1120 3700 quibus
1145 3615 1230 3676 ante
1256 3617 1422 3702 receptas
1446 3601 1591 3676 Ionicas
1616 3600 1815 3706 utebantur

175 3724 305 3818 Attici,
345 3723 409 3800 illa
440 3721 589 3799 Ionicis.
642 3722 773 3826 Itaque
811 3721 956 3798 litterae
988 3723 1171 3798 inferioris
1204 3723 1304 3798 tituli
1337 3738 1423 3798 sunt
1455 3722 1537 3798 bae:
1573 3721 1729 3798 Gamma
1761 3725 1809 3816 Λ,

175 3846 324 3926 lambda
351 3852 386 3941 l«,
415 3845 513 3925 delta
539 3845 773 3949 obliquatum
799 3848 850 3940 ἢ
885 3825 1020 3922 deinde
1048 3847 1086 3925 Μ
1108 3847 1192 3929 rv
1210 3850 1269 3925 ·l·.
1324 3844 1448 3952 Sigma
1472 3848 1498 3928 5
1523 3847 1695 3922 omnibus
1720 3845 1813 3924 loeis

175 3977 217 4052 in
241 3976 423 4049 sinistram
448 3973 565 4074 vergit
589 3967 625 4062 ὶ,
665 3995 759 4072 quae
785 3969 905 4046 forma
930 3973 1083 4074 proprie
1109 3974 1150 4046 in
1174 3973 1353 4074 scripturi
1380 3997 1400 4046 a
1426 3969 1575 4048 dextera
1600 3967 1647 4045 ad
1672 3970 1813 4048 laevam

175 4094 439 4204 progrediente
461 4095 586 4170 locum
611 4092 736 4169 habet.
791 4091 853 4170 Cf.
882 4092 1034 4198 alphab.
1058 4098 1133 4170 titt.
1152 4108 1287 4171 vetust.
1315 4098 1481 4200 inprimis
1506 4093 1643 4170 formas
1668 4094 1812 4172 litterae

175 4222 261 4298 lin
286 4217 463 4296 Thoracis
480 4217 790 4321 inscriptionibus
816 4218 956 4294 obvias.
1009 4216 1275 4321 Dipbtbongus
1300 4223 1339 4294 ΕΙ
1366 4218 1478 4322 plene
1504 4219 1676 4294 scribitur
1705 4243 1811 4322 praa

175 4362 236 4423 ter
257 4343 479 4421 infinitivum
503 4336 710 4436 μελεδαίνειη
745 4337 847 4445 quod
879 4356 917 4416 et
940 4344 1063 4445 ipsum
1088 4331 1239 4419 atticum
1266 4357 1334 4418 est.
1386 4340 1586 4418 Distinctio
1613 4339 1730 4420 modo
1753 4343 1811 4418 bi·

176 4472 235 4546 nie
261 4465 379 4547 modo
409 4469 523 4550 ternis
553 4469 700 4569 punctis
730 4463 787 4559 fic
821 4467 861 4540 in
893 4489 970 4569 quo
1003 4465 1093 4540 bina
1116 4481 1254 4568 puncta
1280 4463 1473 4540 Boeckhio
1498 4463 1670 4543 videntur
1694 4483 1810 4542 trans·

176 4593 369 4672 scribentis
392 4592 554 4668 incarriae
578 4587 789 4666 tribuenda.
830 4589 909 4665 Iam
925 4613 1016 4666 vero
1032 4592 1075 4664 in
1089 4587 1202 4666 titulo
1219 4592 1410 4693 superiore
1427 4593 1550 4666 omnia
1567 4607 1654 4668 sunt
1668 4590 1808 4668 Ionica.

176 4717 302 4794 Habes
334 4717 367 4791 Η
400 4729 438 4790 et
467 4715 519 4788 Ω.
570 4712 732 4790 Litterae
762 4713 794 4788 Φ
828 4728 865 4789 et
891 4718 923 4791 Υ
954 4717 994 4790 in
1019 4713 1090 4789 hac
1114 4713 1252 4790 formas
1276 4712 1426 4790 habent.
1443 4717 1553 4790 etiam
1577 4716 1807 4793 remotiores.

178 4849 286 4922 Pest
310 4835 425 4915 modo
451 4835 689 4914 rotundatum
714 4834 829 4912 modo
855 4837 1040 4939 angulare.
1085 4837 1219 4940 Figura
1242 4836 1388 4914 litterae
1405 4836 1528 4942 Sigma
1548 4840 1734 4938 utrimque
1752 4861 1808 4912 ar·

173 4981 283 5045 curta
302 4967 346 5042 itt
362 4961 520 5038 sormam
537 4963 668 5037 oursivi
685 4959 792 5053 Zeta,
821 4985 917 5064 quae
933 4964 1075 5063 speeies
1087 4951 1177 5064 π’ξῳ
1197 4957 1367 5056 εἱλιγμένῳ
1389 4975 1622 5064 comparatur
1638 4959 1685 5034 ab
1702 4959 1810 5038 Euri·

174 5089 278 5198 pide.
329 5083 564 5191 Diphtbongi
595 5085 665 5164 ΟΥ
696 5101 735 5162 et
758 5088 811 5162 ·ΕΙ.
838 5083 1017 5176 exsulem.
1058 5073 1391 5169 ‚Dumctifbinc
1422 5081 1509 5160 inde
1541 5084 1639 5161 binis
1662 5087 1810 5190 punctis
