4486 5908
679 467 1092 544 rtrom'verttsrtsstme
1116 471 1260 572 calfo.
1734 471 1783 546 53

161 687 262 778 gatus
287 664 446 756 udrosos,
472 670 629 776 velpro
655 670 711 780 ῥῶ,
736 687 779 746 ut
802 661 937 780 Φὸρυνος
962 670 1026 771 (C.
1042 672 1076 746 Ι.
1103 699 1143 746 n.
1158 653 1268 746 1582.
1298 661 1502 781 bspdcrm).
1551 671 1603 749 At
1627 677 1783 777 primam
1911 693 1921 710 ⁶

159 797 315 874 litteram
338 822 409 900 pro
437 799 482 896 φῒ
498 795 636 870 habere
662 820 710 870 ne
735 798 814 899 ipse
841 793 992 900 quidem
1017 797 1105 870 satis
1129 809 1251 870 tutum
1275 794 1461 891 iudicarim
1488 800 1612 900 itaque
1638 800 1782 874 tertiam

160 921 313 997 formam
335 923 532 1024 proposuit
556 910 701 1028 Kipvvos,
726 922 766 996 in
792 921 865 1022 qui
891 921 1043 993 omnino
1059 918 1276 1021 acquiesco.
1311 917 1409 996 Nam
1432 919 1704 1032 koppa,·cuius
1722 946 1780 996 re-

159 1041 291 1149 gularis
306 1044 425 1120 forma
443 1049 543 1134 est?
571 1045 618 1148 (v.
636 1047 741 1118 inser.
756 1041 855 1142 tt),
885 1034 994 1118 etiam
1019 1045 1068 1117 ita
1094 1043 1125 1118 Φ
1152 1044 1289 1117 exarari
1315 1069 1423 1146 supra
1440 1042 1596 1121 vidimus
1622 1043 1783 1148 (alphab.

157 1173 226 1244 titt
241 1185 372 1247 retust
390 1167 478 1242 coll.
498 1165 642 1242 Introd.
662 1167 730 1241 III.
738 1171 800 1263 1.).
841 1165 886 1240 In
910 1169 1061 1240 nomine
1086 1173 1174 1240 n.3.
1202 1162 1373 1258 Πολυτίμα
1404 1167 1575 1242 notabilis
1592 1168 1710 1243 forma
1729 1183 1783 1244 est

158 1292 362 1370 litterarum
385 1287 534 1395 lambda
560 1307 601 1366 ct
627 1317 701 1396 my,
738 1279 822 1366 cum
849 1291 982 1393 quibus
1008 1291 1212 1393 composita
1239 1305 1294 1365 est
1318 1289 1438 1365 forma
1461 1295 1702 1368 vetustissima
1727 1295 1780 1374 V.

160 1415 260 1494 Cave
283 1433 407 1493 tamen
432 1432 539 1520 putes
564 1405 805 1492 imitationem
830 1415 979 1489 subesse
1005 1417 1219 1516 scripturae.
1295 1418 1298 1427 '

310 1540 404 1615 Tres
430 1563 524 1643 quae
550 1537 754 1644 sequuntur
777 1541 1032 1642 inscriptiones
1059 1541 1096 1612 1.
1114 1541 1151 1612 5.
1168 1537 1205 1610 6.
1234 1536 1362 1640 paullo
1387 1538 1471 1643 plus
1497 1563 1609 1644 quam
1634 1542 1784 1614 nomina

157 1665 290 1740 sistunt
314 1658 355 1740 et'
380 1665 590 1739 reseruntur
614 1659 806 1738 manifesto
834 1659 879 1736 ad
905 1664 1078 1763 imagines
1094 1676 1157 1736 aut
1175 1665 1355 1764 expositas
1373 1673 1436 1738 au't
1451 1663 1663 1767 in'smrlptas.
1703 1661 1783 1738 Pri·
1865 1709 1868 1721 ·

157 1813 255 1863 mam
271 1787 383 1890 legas:
406 1783 575 1897 'opiparor
596 1788 653 1862 τοῦ
670 1775 777 1861 ‘Essa
798 1778 919 1893 ‘Pibcp
934 1781 1038 1887 'ignia
1065 1789 1104 1859 in
1121 1811 1213 1888 quo,
1243 1785 1275 1859 si
1290 1781 1397 1860 'mvn
1417 1804 1454 1862 et
1466 1787 1637 1864 nltimam
1654 1811 1785 1863 vocem
1892 1769 1896 1782 ’

157 1910 375 2016 dempseris,
403 1901 502 1988 'nihil
534 1927 588 1986 cst
618 1909 721 2015 quod
755 1907 921 1984 offendat
950 1909 1145 2012 legentem.
1199 1908 1427 1986 Terminatio
1458 1909 1641 1988 Laconica
1674 1915 1713 1990 in
1745 1937 1783 1986 v.

152 2027 276 2145 ‘Pidcp
306 2039 415 2111 etiam
446 2033 532 2110 alias
559 2060 643 2110 urm
674 2013 860 2109 communi
885 2036 1142 2109 terminatione
1168 2037 1405 2136 componitur
1429 2038 1482 2134 (v.
1509 2039 1652 2132 n.2l.).
1706 2033 1786 2110 Nec

155 2161 237 2236 sine
257 2159 432 2264 ¹enemplo
459 2176 514 2235 est
538 2156 656 2234 dictus
681 2157 850 2234 Rhodius
877 2160 1058 2262 quispiam
1082 2173 1166 2232 ante
1193 2155 1379 2233 conditam
1400 2157 1578 2234 Rhodum
1604 2161 1786 2234 civitatem

156 2309 411 2378 communem
453 2287 555 2358 cuius
586 2286 642 2358 cei
673 2279 881 2357 Boccltbius
912 2277 1067 2366 adstruit
1098 2279 1299 2356 Simonidis
1332 2281 1401 2358 Cei
1431 2283 1559 2386 Epigr.
1588 2291 1672 2356 180.
1695 2289 1784 2356 212.
1829 2299 1835 2304 ·

157 2405 390 2484 Schneider.
421 2423 458 2483 et
483 2403 604 2482 Thuc.
624 2405 693 2479 ΠΙ.
710 2413 748 2480 8.
802 2403 878 2498 Sed
905 2428 1042 2478 tromen
1063 2405 1246 2483 ttfittm
1271 2408 1511 2484 insuetam
1537 2406 1679 2514 (Ἑρμᾶ)
1705 2395 1807 2480 mu?

155 2532 311 2610 tandum
337 2547 460 2607 censet
485 2528 598 2623 idem;
627 2526 728 2631 quod
756 2524 910 2603 concedi
936 2527 1042 2602 facile
1065 2531 1216 2631 poterit,
1245 2533 1276 2604 si
1295 2527 1427 2633 lapidis
1445 2527 1590 2604 addicat
1605 2527 1786 2604 condicio.

154 2655 248 2733 Plus
281 2654 505 2730 difficultatis
535 2651 648 2728 habet
678 2677 752 2729 vox
785 2652 985 2743 ΕΚΜΑΞΗ,
1003 2654 1059 2762 ,in
1093 2677 1165 2758 qua
1191 2656 1308 2728 inesse
1333 2652 1409 2729 loci
1435 2650 1622 2728 cuiusdam
1646 2654 1785 2727 mentio

154 2786 220 2858 vix
244 2795 380 2883 potest.
420 2775 531 2852 Unde
558 2777 676 2880 qitiris
702 2777 784 2852 sibi'
797 2783 1010 2879 persuasum
1030 2775 1196 2871 babebit,
1224 2779 1378 2853 verbum
1394 2777 1455 2853 hic
1473 2775 1624 2880 aliquod
1644 2775 1784 2868 offerri,

155 2921 202 2980 ut
235 2903 321 2978 alias
352 2896 450 2976 serto
481 2901 546 3000 (ci.
567 2927 606 2988 n.
625 2903 682 3000 6.)
713 2899 774 2974 ¹rel
804 2890 965 3007 ἔγραψεν.
1008 2899 1149 3004 ¹Neque
1181 2905 1340 2979 omnino·
1366 2903 1412 2978 ab
1444 2926 1485 2976 re
1520 2919 1574 2978 est
1600 2899 1646 2975 de
1671 2901 1787 2978 verbo

140 3019 248 3130 ,ἔξεεν
274 3025 335 3102 vel
361 3015 472 3126 ἔξεσεν
499 3029 680 3126 cogitare·-
723 3023 855 3125 Itaque
879 3025 1007 3126 posita
1026 3024 1145 3098 sormi
1169 3017 1255 3126 ξάω-
1269 3025 1452 3128 (Lennep.
1478 3022 1526 3100 de
1552 3023 1642 3098 anal.
1660 3023 1703 3098 L.
1723 3022 1788 3099 Gr.
1827 3099 1830 3102 .

155 3151 251 3224 XII.
270 3151 400 3252 pili.
427 3143 599 3225 Schneid.
616 3145 847 3252 etEtymol.
872 3146 914 3220 L.
934 3145 999 3221 Gr.
1025 3149 1170 3249 pisti.)
1199 3153 1314 3251 eaque
1341 3175 1426 3223 cum
1450 3149 1571 3226 serbis
1598 3139 1674 3232 scio,
1701 3141 1787 3230 scic,

154 3266 299 3366 μάσμαε,
329 3265 466 3364 unbem
495 3275 713 3376 comparata·
736 3269 856 3346 forma
887 3265 969 3372 ξαίω
1002 3273 1085 3344 sese
1107 3271 1257 3368 obtulit,
1292 3297 1386 3376 quae
1410 3271 1600 3347 Aeolismo
1627 3271 1789 3376 quodam

153 3397 269 3476 facile
296 3401 335 3472 in
360 3391 473 3498 ξαίημι
498 3394 698 3500 aliquando
722 3395 886 3498 potuerit
911 3379 1077 3469 oannr'e.
1114 3393 1304 3500 lienique
1329 3417 1468 3472 nomen
1488 3391 1657 3506 ’Δρίμανος
1677 3421 1789 3500 quem

153 3515 357 3600 verisimile
390 3537 445 3596 est
475 3521 640 3595 nobilem
671 3518 780 3592 fuisse
809 3519 992 3620 pictorem
1019 3516 1232 3611 Rhodium,
1263 3518 1473 3596 Boeckbius
1498 3519 1698 3597 ridendum
1723 3522 1786 3612 ait,

154 3673 211 3723 ne
244 3649 285 3720 in
316 3647 469 3719 nomine
498 3647 627 3746 ignoto
659 3643 842 3718 Arimnae
873 3645 934 3745 ap.
954 3639 1060 3717 Varr.
1098 3640 1162 3741 (de
1187 3642 1234 3717 L.
1253 3642 1301 3718 L.
1329 3643 1469 3744 lxo.)
1501 3647 1627 3747 quaeri
1657 3645 1785 3746 possit.

155 3767 279 3866 Quod
305 3772 336 3844 si
361 3771 420 3844 cui
446 3767 644 3871 probabile
665 3764 844 3857 videatur,
879 3791 924 3840 ex
948 3765 1111 3858 liliosae,
1133 3764 1339 3872 ¹Polygnoti
1363 3767 1522 3870 aequali,
1553 3771 1617 3870 qui
1641 3768 1694 3840 ibi
1720 3791 1787 3840 no·

154 3899 337 3984 minatur,
365 3879 641 3995 inscriptionem
666 3905 826 3964 nostram
852 3887 903 3962 ad*
920 3904 1088 3992 tempora
1105 3889 1291 3966 bellorum
1307 3885 1538 3966 Persicorum
1554 3889 1685 3966 referri
1699 3913 1788 3964 con·

153 4022 263 4096 iiciat
293 4013 507 4119 oportebit·¹
548 4011 622 4090 Sed
652 4017 684 4089 si
715 4012 818 4088 baeer
832 4012 1186 4115 satis-probabiliter
1217 4013 1454 4090 aBoeclrhio
1481 4013 1663 4119 disputata
1687 4010 1788 4090 ride-

153 4138 315 4234 buntur,
344 4133 454 4242 longa
479 4140 763 4241 ingeniosissima
785 4140 891 4211 ratio
909 4151 976 4229 est,
1007 4164 1086 4240 qua:
1105 4135 1257 4214 alteram
1281 4141 1560 4243 inscriptionem
1584 4141 1698 4240 (nb.)
1722 4161 1788 4241 pe·

153 4272 221 4344 ius
250 4263 414 4339 habitam
444 4261 664 4341 illustratum
689 4262 766 4338 isit.
820 4253 938 4335 Huiirs'
963 4263 1086 4337 verbis
1109 4265 1245 4365 partim
1276 4288 1307 4336 a·
1323 4259 1478 4338 dexteri.
1496 4264 1691 4366 partim
1657 4287 1677 4338 a
1703 4264 1789 4338 sini·

153 4395 237 4468 sut
263 4391 414 4464 exaratis
441 4390 528 4489 qoin
555 4413 629 4462 una
633 4383 842 4516 inscriptio
869 4385 1112 4480 contineatur,
1142 4383 1302 4460 dubitari
1325 4411 1404 4461 non
1428 4401 1564 4504 potest.
1620 4347 1694 4462 Sed
1715 4411 1791 4466 nec

154 4515 388 4668 principium
415 4513 491 4585 eins
516 4535 586 4586 nec
610 4507 767 4584 finem
746 4512 816 4584 ne'c
834 4505 995 4583 medium
1010 4507 1202 4584 habemus.
1242 4509 1385 4586 Duetm
1402 4513 1614 4615 superstites
1633 4509 1787 4586 bisunt.

608 4643 792 4710 ..ηυκλεοσ
815 4625 931 4706 tica
938 4685 1052 4708 .......
1062 4662 1090 4706 vt
1104 4627 1165 4707 clv
1190 4627 1302 4734 δελφὶς
1309 4687 1385 4708 .....
1452 4678 1457 4686 ·

153 4764 244 4840 lam
276 4779 389 4863 quum
421 4763 460 4850 in
490 4751 543 4832 τὸν
570 4687 698 4857 imple
709 4756 908 4834 verisimile
934 4760 986 4832 sit
1015 4783 1043 4832 a
1062 4758 1216 4836 relativo
1240 4782 1396 4862 pergere
1417 4763 1651 4851 sententiam,
1687 4759 1790 4834 cnm

154 4884 319 4966 verbnm
339 4879 463 4972 desit,
499 4877 680 4957 residuam
709 4879 822 4956 dativi
853 4879 1031 4984 syllabam
1056 4883 1116 4963 l⁴5
1140 4909 1161 4956 a
1186 4885 1337 4958 nomine
1362 4885 1517 4986 proprio
1544 4879 1792 4984 quodamaut
1939 4965 1958 4994 Ι,

147 5009 228 5086 ,ἀεὶ
258 5023 322 5083 aut
349 5003 513 5082 mmtalis
536 5001 1086 5110 repetendamgessaapparet.
1129 5006 1263 5110 ÷.Atqui
1285 4999 1459 5116 ¹Kpou'cm,
1487 4999 1678 5086 noscibile,
1708 5001 1791 5090 Ζηνί,

150 5125 261 5215 {lavi
280 5119 465 5206 *aanor
487 5124 686 5234 propterea
711 5129 843 5206 coniici
868 5135 1107 5232 mopsuest,
1136 5129 1243 5234 qnod
1264 5127 1337 5210 iux
1354 5123 1483 5228 utet.
1510 5151 1620 5230 qiman
1637 5129 1699 5207 vix
1722 5153 1790 5208 no·
