<?xml version="1.0" encoding="UTF-8"?>
<!DOCTYPE html PUBLIC "-//W3C//DTD XHTML 1.0 Transitional//EN"
    "http://www.w3.org/TR/xhtml1/DTD/xhtml1-transitional.dtd">
<html xmlns="http://www.w3.org/1999/xhtml" xml:lang="en" lang="en">
 <head>
  <title>
</title>
<meta http-equiv="Content-Type" content="text/html;charset=utf-8" />
  <meta name='ocr-system' content='tesseract 3.04.00' />
  <meta name='ocr-capabilities' content='ocr_page ocr_carea ocr_par ocr_line ocrx_word'/>
</head>
<body>
  <div class='ocr_page' id='page_1' title='image "./elementaepigrap00frangoog/elementaepigrap00frangoog_0194.png"; bbox 0 0 4476 5904; ppageno 0'>
   <div class='ocr_carea' id='block_1_1' title="bbox 475 363 1810 448">
    <p class='ocr_par' dir='ltr' id='par_1_1' title="bbox 475 363 1810 448">
     <span class='ocr_line' id='line_1_1' title="bbox 475 363 1810 448; baseline 0.001 -8"><span class='ocrx_word' id='word_1_1' title='bbox 475 419 479 426; x_wconf 76' lang='lat'><em>·</em></span> <span class='ocrx_word' id='word_1_2' title='bbox 560 389 685 442; x_wconf 77' lang='lat' dir='ltr'><strong>rtrum</strong></span> <span class='ocrx_word' id='word_1_3' title='bbox 710 381 835 440; x_wconf 75' lang='lat' dir='ltr'><strong>arctet</strong></span> <span class='ocrx_word' id='word_1_4' title='bbox 860 383 1069 440; x_wconf 67' lang='lat' dir='ltr'><strong>trs-ottus*-</strong></span> <span class='ocrx_word' id='word_1_5' title='bbox 1089 371 1263 448; x_wconf 62' lang='lat' dir='ltr'><strong>ebe-tm.</strong></span> <span class='ocrx_word' id='word_1_6' title='bbox 1289 363 1476 438; x_wconf 68' lang='lat' dir='ltr'><strong>nolon.</strong></span> <span class='ocrx_word' id='word_1_7' title='bbox 1564 377 1568 386; x_wconf 88' lang='lat'>&#39;</span> <span class='ocrx_word' id='word_1_8' title='bbox 1739 368 1810 444; x_wconf 82' lang='lat' dir='ltr'><strong>tot</strong></span> 
     </span>
    </p>
   </div>
   <div class='ocr_carea' id='block_1_2' title="bbox 170 561 1812 2251">
    <p class='ocr_par' dir='ltr' id='par_1_2' title="bbox 170 561 1811 1774">
     <span class='ocr_line' id='line_1_2' title="bbox 170 561 1809 670; baseline -0.007 -16"><span class='ocrx_word' id='word_1_9' title='bbox 170 575 415 669; x_wconf 61' lang='lat' dir='ltr'><strong>utentum</strong></span> <span class='ocrx_word' id='word_1_10' title='bbox 434 586 471 646; x_wconf 84' lang='lat' dir='ltr'><strong>ct</strong></span> <span class='ocrx_word' id='word_1_11' title='bbox 486 564 802 670; x_wconf 79' lang='lat' dir='ltr'><strong>Lacedaemonios</strong></span> <span class='ocrx_word' id='word_1_12' title='bbox 819 565 1014 655; x_wconf 75' lang='lat' dir='ltr'><strong>contenit3</strong></span> <span class='ocrx_word' id='word_1_13' title='bbox 1041 579 1271 667; x_wconf 78' lang='lat' dir='ltr'><strong>quapropter</strong></span> <span class='ocrx_word' id='word_1_14' title='bbox 1288 587 1333 668; x_wconf 68' lang='lat' dir='ltr'><strong>cc</strong></span> <span class='ocrx_word' id='word_1_15' title='bbox 1359 561 1592 666; x_wconf 60' lang='lat' dir='ltr'><strong>praedicitur</strong></span> <span class='ocrx_word' id='word_1_16' title='bbox 1615 569 1656 646; x_wconf 86' lang='lat' dir='ltr'><strong>iu</strong></span> <span class='ocrx_word' id='word_1_17' title='bbox 1680 583 1809 644; x_wconf 82' lang='lat' dir='ltr'><strong>nostro</strong></span> 
     </span>
     <span class='ocr_line' id='line_1_3' title="bbox 171 677 1811 800; baseline -0.006 -25"><span class='ocrx_word' id='word_1_18' title='bbox 171 697 282 775; x_wconf 81' lang='lat' dir='ltr'><strong>titulb</strong></span> <span class='ocrx_word' id='word_1_19' title='bbox 305 681 604 800; x_wconf 60' lang='lat' dir='ltr'><strong>sswle&#39;ncn’pits</strong></span> <span class='ocrx_word' id='word_1_20' title='bbox 628 677 665 776; x_wconf 66' lang='lat' dir='ltr'><strong>b</strong></span> <span class='ocrx_word' id='word_1_21' title='bbox 688 677 865 774; x_wconf 72' lang='grc' dir='ltr'>ἐτοοίοοτο-</span> <span class='ocrx_word' id='word_1_22' title='bbox 878 678 1175 794; x_wconf 40' lang='grc' dir='ltr'><strong>τ’ρῦοῑῗοοθψοῶυο</strong></span> <span class='ocrx_word' id='word_1_23' title='bbox 1201 683 1257 762; x_wconf 77' lang='lat' dir='ltr'><strong>noi</strong></span> <span class='ocrx_word' id='word_1_24' title='bbox 1280 681 1558 778; x_wconf 72' lang='lat' dir='ltr'><strong>noudupnu&#39;tve.</strong></span> <span class='ocrx_word' id='word_1_25' title='bbox 1605 689 1702 769; x_wconf 84' lang='lat' dir='ltr'><strong>Huic</strong></span> <span class='ocrx_word' id='word_1_26' title='bbox 1723 695 1811 794; x_wconf 82' lang='lat' dir='ltr'><strong>paci</strong></span> 
     </span>
     <span class='ocr_line' id='line_1_4' title="bbox 173 807 1807 916; baseline -0.005 -18"><span class='ocrx_word' id='word_1_27' title='bbox 173 815 446 904; x_wconf 72' lang='lat' dir='ltr'><strong>confirmandae</strong></span> <span class='ocrx_word' id='word_1_28' title='bbox 477 817 589 890; x_wconf 84' lang='lat' dir='ltr'><strong>etiem</strong></span> <span class='ocrx_word' id='word_1_29' title='bbox 619 813 823 916; x_wconf 78' lang='lat' dir='ltr'><strong>Dionysius</strong></span> <span class='ocrx_word' id='word_1_30' title='bbox 854 812 972 888; x_wconf 81' lang='lat' dir='ltr'><strong>maior</strong></span> <span class='ocrx_word' id='word_1_31' title='bbox 1002 807 1263 915; x_wconf 79' lang='lat' dir='ltr'><strong>Syracusarum</strong></span> <span class='ocrx_word' id='word_1_32' title='bbox 1295 826 1481 913; x_wconf 78' lang='lat' dir='ltr'><strong>tyrannus.</strong></span> <span class='ocrx_word' id='word_1_33' title='bbox 1503 813 1807 916; x_wconf 82' lang='lat' dir='ltr'><strong>operem.·dedit‚</strong></span> 
     </span>
     <span class='ocr_line' id='line_1_5' title="bbox 173 931 1808 1020; baseline -0.004 1"><span class='ocrx_word' id='word_1_34' title='bbox 173 943 348 1020; x_wconf 82' lang='lat' dir='ltr'><strong>auxilium</strong></span> <span class='ocrx_word' id='word_1_35' title='bbox 370 935 558 1015; x_wconf 72' lang='lat' dir='ltr'><strong>nuttendc</strong></span> <span class='ocrx_word' id='word_1_36' title='bbox 580 935 868 1018; x_wconf 76' lang='lat' dir='ltr'>Atheniensibus</span> <span class='ocrx_word' id='word_1_37' title='bbox 881 949 933 1008; x_wconf 78' lang='lat' dir='ltr'><strong>et</strong></span> <span class='ocrx_word' id='word_1_38' title='bbox 956 932 1258 1009; x_wconf 70' lang='lat' dir='ltr'>Lacedaemoniis</span> <span class='ocrx_word' id='word_1_39' title='bbox 1285 931 1555 1014; x_wconf 75' lang='lat' dir='ltr'><strong>Thebanorum</strong></span> <span class='ocrx_word' id='word_1_40' title='bbox 1576 953 1654 1012; x_wconf 87' lang='lat' dir='ltr'><strong>tum</strong></span> <span class='ocrx_word' id='word_1_41' title='bbox 1681 935 1808 1016; x_wconf 76' lang='lat' dir='ltr'><strong>adver-</strong></span> 
     </span>
     <span class='ocr_line' id='line_1_6' title="bbox 172 1055 1811 1166; baseline -0.002 -24"><span class='ocrx_word' id='word_1_42' title='bbox 172 1071 294 1146; x_wconf 66' lang='lat' dir='ltr'><strong>sariis.</strong></span> <span class='ocrx_word' id='word_1_43' title='bbox 336 1064 404 1139; x_wconf 85' lang='lat' dir='ltr'><strong>De&#39;</strong></span> <span class='ocrx_word' id='word_1_44' title='bbox 424 1065 497 1166; x_wconf 72' lang='lat' dir='ltr'><strong>qui</strong></span> <span class='ocrx_word' id='word_1_45' title='bbox 523 1067 757 1164; x_wconf 78' lang='lat' dir='ltr'><strong>paee-quum</strong></span> <span class='ocrx_word' id='word_1_46' title='bbox 782 1056 985 1159; x_wconf 83' lang='lat' dir='ltr'><strong>Dionysius</strong></span> <span class='ocrx_word' id='word_1_47' title='bbox 1011 1055 1150 1157; x_wconf 81' lang='lat' dir='ltr'><strong>legatos</strong></span> <span class='ocrx_word' id='word_1_48' title='bbox 1177 1057 1335 1132; x_wconf 84' lang='lat' dir='ltr'><strong>misisset</strong></span> <span class='ocrx_word' id='word_1_49' title='bbox 1358 1057 1552 1160; x_wconf 75' lang='lat' dir='ltr'><strong>epistolam</strong></span> <span class='ocrx_word' id='word_1_50' title='bbox 1578 1061 1693 1162; x_wconf 87' lang='lat' dir='ltr'><strong>ipsius</strong></span> <span class='ocrx_word' id='word_1_51' title='bbox 1718 1059 1811 1144; x_wconf 69' lang='lat' dir='ltr'><strong>aits</strong></span> 
     </span>
     <span class='ocr_line' id='line_1_7' title="bbox 171 1176 1808 1283; baseline -0.006 -15"><span class='ocrx_word' id='word_1_52' title='bbox 171 1207 296 1268; x_wconf 88' lang='lat' dir='ltr'><strong>rentes</strong></span> <span class='ocrx_word' id='word_1_53' title='bbox 321 1183 624 1274; x_wconf 68' lang='lat' dir='ltr'><strong>Atheniensibus,</strong></span> <span class='ocrx_word' id='word_1_54' title='bbox 653 1179 810 1256; x_wconf 87' lang='lat' dir='ltr'><strong>Senatus</strong></span> <span class='ocrx_word' id='word_1_55' title='bbox 837 1176 883 1253; x_wconf 92' lang='lat' dir='ltr'><strong>de</strong></span> <span class='ocrx_word' id='word_1_56' title='bbox 909 1183 1018 1256; x_wconf 79' lang='lat' dir='ltr'><strong>eal&#39;re</strong></span> <span class='ocrx_word' id='word_1_57' title='bbox 1045 1177 1221 1256; x_wconf 87' lang='lat' dir='ltr'><strong>decernit.</strong></span> <span class='ocrx_word' id='word_1_58' title='bbox 1268 1179 1317 1256; x_wconf 83' lang='lat' dir='ltr'><strong>Et</strong></span> <span class='ocrx_word' id='word_1_59' title='bbox 1341 1183 1502 1283; x_wconf 85' lang='lat' dir='ltr'><strong>primum</strong></span> <span class='ocrx_word' id='word_1_60' title='bbox 1531 1181 1680 1282; x_wconf 87' lang='lat' dir='ltr'><strong>quidem</strong></span> <span class='ocrx_word' id='word_1_61' title='bbox 1706 1181 1808 1258; x_wconf 88' lang='lat' dir='ltr'><strong>audi-</strong></span> 
     </span>
     <span class='ocr_line' id='line_1_8' title="bbox 174 1299 1809 1408; baseline -0.006 -18"><span class='ocrx_word' id='word_1_62' title='bbox 174 1312 291 1392; x_wconf 86' lang='lat' dir='ltr'><strong>endos</strong></span> <span class='ocrx_word' id='word_1_63' title='bbox 322 1309 369 1386; x_wconf 93' lang='lat' dir='ltr'><strong>de</strong></span> <span class='ocrx_word' id='word_1_64' title='bbox 399 1308 468 1383; x_wconf 74' lang='lat' dir='ltr'><strong>hic</strong></span> <span class='ocrx_word' id='word_1_65' title='bbox 498 1331 540 1382; x_wconf 90' lang='lat' dir='ltr'><strong>re</strong></span> <span class='ocrx_word' id='word_1_66' title='bbox 571 1308 693 1380; x_wconf 85' lang='lat' dir='ltr'><strong>socios</strong></span> <span class='ocrx_word' id='word_1_67' title='bbox 726 1317 864 1396; x_wconf 87' lang='lat' dir='ltr'><strong>censet;</strong></span> <span class='ocrx_word' id='word_1_68' title='bbox 900 1299 941 1375; x_wconf 92' lang='lat' dir='ltr'><strong>hi</strong></span> <span class='ocrx_word' id='word_1_69' title='bbox 974 1301 1068 1376; x_wconf 71' lang='lat' dir='ltr'><strong>lacti</strong></span> <span class='ocrx_word' id='word_1_70' title='bbox 1095 1299 1360 1377; x_wconf 82' lang='lat' dir='ltr'><strong>deliberatione</strong></span> <span class='ocrx_word' id='word_1_71' title='bbox 1386 1329 1491 1377; x_wconf 89' lang='lat' dir='ltr'><strong>suum</strong></span> <span class='ocrx_word' id='word_1_72' title='bbox 1526 1301 1714 1379; x_wconf 87' lang='lat' dir='ltr'><strong>decretum</strong></span> <span class='ocrx_word' id='word_1_73' title='bbox 1739 1331 1809 1408; x_wconf 91' lang='lat' dir='ltr'><strong>po-</strong></span> 
     </span>
     <span class='ocr_line' id='line_1_9' title="bbox 171 1421 1807 1544; baseline -0.007 -31"><span class='ocrx_word' id='word_1_74' title='bbox 171 1437 265 1544; x_wconf 90' lang='lat' dir='ltr'><strong>pulo</strong></span> <span class='ocrx_word' id='word_1_75' title='bbox 288 1431 477 1524; x_wconf 89' lang='lat' dir='ltr'><strong>tradunto;</strong></span> <span class='ocrx_word' id='word_1_76' title='bbox 518 1425 652 1503; x_wconf 89' lang='lat' dir='ltr'><strong>deinde</strong></span> <span class='ocrx_word' id='word_1_77' title='bbox 677 1442 720 1501; x_wconf 90' lang='lat' dir='ltr'><strong>ut</strong></span> <span class='ocrx_word' id='word_1_78' title='bbox 744 1427 922 1528; x_wconf 81' lang='lat' dir='ltr'><strong>proximis</strong></span> <span class='ocrx_word' id='word_1_79' title='bbox 946 1421 1106 1498; x_wconf 80' lang='lat' dir='ltr'><strong>comitiis</strong></span> <span class='ocrx_word' id='word_1_80' title='bbox 1132 1422 1178 1497; x_wconf 89' lang='lat' dir='ltr'><strong>ad</strong></span> <span class='ocrx_word' id='word_1_81' title='bbox 1209 1425 1393 1528; x_wconf 90' lang='lat' dir='ltr'><strong>populum</strong></span> <span class='ocrx_word' id='word_1_82' title='bbox 1425 1425 1654 1502; x_wconf 80' lang='lat' dir='ltr'><strong>adducantur</strong></span> <span class='ocrx_word' id='word_1_83' title='bbox 1684 1427 1807 1530; x_wconf 85' lang='lat' dir='ltr'><strong>legati,</strong></span> 
     </span>
     <span class='ocr_line' id='line_1_10' title="bbox 174 1545 1811 1663; baseline -0.002 -32"><span class='ocrx_word' id='word_1_84' title='bbox 174 1587 220 1642; x_wconf 77' lang='lat' dir='ltr'><strong>ao</strong></span> <span class='ocrx_word' id='word_1_85' title='bbox 238 1555 497 1663; x_wconf 71' lang='lat' dir='ltr'><strong>praesentibus</strong></span> <span class='ocrx_word' id='word_1_86' title='bbox 521 1553 629 1628; x_wconf 86' lang='lat' dir='ltr'><strong>sociis</strong></span> <span class='ocrx_word' id='word_1_87' title='bbox 652 1547 961 1627; x_wconf 78' lang='lat' dir='ltr'><strong>deliberationem</strong></span> <span class='ocrx_word' id='word_1_88' title='bbox 987 1545 1035 1624; x_wconf 90' lang='lat' dir='ltr'><strong>de</strong></span> <span class='ocrx_word' id='word_1_89' title='bbox 1062 1572 1192 1623; x_wconf 88' lang='lat' dir='ltr'><strong>eorum</strong></span> <span class='ocrx_word' id='word_1_90' title='bbox 1218 1546 1396 1632; x_wconf 80' lang='lat' dir='ltr'><strong>mandatis</strong></span> <span class='ocrx_word' id='word_1_91' title='bbox 1421 1568 1635 1652; x_wconf 83' lang='lat' dir='ltr'><strong>proponant</strong></span> <span class='ocrx_word' id='word_1_92' title='bbox 1659 1550 1811 1656; x_wconf 82' lang='lat' dir='ltr'><strong>proedri</strong></span> 
     </span>
     <span class='ocr_line' id='line_1_11' title="bbox 174 1668 1629 1774; baseline -0.014 -14"><span class='ocrx_word' id='word_1_93' title='bbox 174 1701 212 1760; x_wconf 83' lang='lat' dir='ltr'><strong>ct</strong></span> <span class='ocrx_word' id='word_1_94' title='bbox 234 1681 456 1758; x_wconf 70' lang='lat' dir='ltr'><strong>amentiam</strong></span> <span class='ocrx_word' id='word_1_95' title='bbox 481 1689 627 1750; x_wconf 84' lang='lat' dir='ltr'><strong>senatus</strong></span> <span class='ocrx_word' id='word_1_96' title='bbox 654 1669 702 1746; x_wconf 88' lang='lat' dir='ltr'><strong>dc</strong></span> <span class='ocrx_word' id='word_1_97' title='bbox 726 1669 919 1746; x_wconf 79' lang='lat' dir='ltr'><strong>laudandis</strong></span> <span class='ocrx_word' id='word_1_98' title='bbox 943 1688 983 1746; x_wconf 88' lang='lat' dir='ltr'><strong>et</strong></span> <span class='ocrx_word' id='word_1_99' title='bbox 1008 1668 1183 1750; x_wconf 87' lang='lat' dir='ltr'><strong>ornandis</strong></span> <span class='ocrx_word' id='word_1_100' title='bbox 1207 1671 1390 1774; x_wconf 82' lang='lat' dir='ltr'><strong>Dionysio</strong></span> <span class='ocrx_word' id='word_1_101' title='bbox 1418 1688 1455 1748; x_wconf 89' lang='lat' dir='ltr'><strong>et</strong></span> <span class='ocrx_word' id='word_1_102' title='bbox 1479 1673 1578 1748; x_wconf 87' lang='lat' dir='ltr'><strong>filiis.</strong></span> <span class='ocrx_word' id='word_1_103' title='bbox 1626 1729 1629 1740; x_wconf 88' lang='lat'><strong>.</strong></span> 
     </span>
    </p>

    <p class='ocr_par' dir='ltr' id='par_1_3' title="bbox 174 1783 1812 2251">
     <span class='ocr_line' id='line_1_12' title="bbox 221 1783 1810 1903; baseline -0.003 -27"><span class='ocrx_word' id='word_1_104' title='bbox 221 1816 225 1827; x_wconf 92' lang='lat'>&#39;</span> <span class='ocrx_word' id='word_1_105' title='bbox 325 1783 527 1903; x_wconf 83' lang='lat' dir='ltr'><strong>Dionysius</strong></span> <span class='ocrx_word' id='word_1_106' title='bbox 554 1819 619 1872; x_wconf 82' lang='lat' dir='ltr'><strong>rex</strong></span> <span class='ocrx_word' id='word_1_107' title='bbox 644 1793 791 1870; x_wconf 84' lang='lat' dir='ltr'><strong>Siciliae</strong></span> <span class='ocrx_word' id='word_1_108' title='bbox 817 1821 853 1870; x_wconf 84' lang='lat' dir='ltr'><strong>v.</strong></span> <span class='ocrx_word' id='word_1_109' title='bbox 871 1799 929 1868; x_wconf 82' lang='grc'><strong>11.</strong></span> <span class='ocrx_word' id='word_1_110' title='bbox 958 1792 1078 1869; x_wconf 85' lang='lat' dir='ltr'><strong>dictus</strong></span> <span class='ocrx_word' id='word_1_111' title='bbox 1105 1789 1305 1895; x_wconf 12' lang='lat' dir='ltr'><strong>est‚ssq&#39;uod</strong></span> <span class='ocrx_word' id='word_1_112' title='bbox 1331 1793 1443 1897; x_wconf 85' lang='lat' dir='ltr'><strong>plane</strong></span> <span class='ocrx_word' id='word_1_113' title='bbox 1468 1821 1619 1871; x_wconf 83' lang='lat' dir='ltr'><strong>novum.</strong></span> <span class='ocrx_word' id='word_1_114' title='bbox 1654 1797 1810 1901; x_wconf 77' lang='lat' dir='ltr'><strong>Diony-</strong></span> 
     </span>
     <span class='ocr_line' id='line_1_13' title="bbox 174 1907 1812 2029; baseline -0.007 -23"><span class='ocrx_word' id='word_1_115' title='bbox 174 1922 437 2028; x_wconf 64' lang='lat' dir='ltr'><strong>sius&#39;Dionysii</strong></span> <span class='ocrx_word' id='word_1_116' title='bbox 461 1918 512 1996; x_wconf 79' lang='lat' dir='ltr'><strong>fit</strong></span> <span class='ocrx_word' id='word_1_117' title='bbox 540 1917 712 2022; x_wconf 84' lang='lat' dir='ltr'><strong>quiante</strong></span> <span class='ocrx_word' id='word_1_118' title='bbox 729 1907 1015 2017; x_wconf 28' lang='lat' dir='ltr'><strong>&#39;&#39;Hermocritum</strong></span> <span class='ocrx_word' id='word_1_119' title='bbox 1042 1911 1147 2015; x_wconf 85' lang='lat' dir='ltr'><strong>(alias</strong></span> <span class='ocrx_word' id='word_1_120' title='bbox 1171 1916 1417 2029; x_wconf 74' lang='lat' dir='ltr'><strong>incognitum)</strong></span> <span class='ocrx_word' id='word_1_121' title='bbox 1444 1921 1669 2024; x_wconf 85' lang='lat' dir='ltr'><strong>nominatur,</strong></span> <span class='ocrx_word' id='word_1_122' title='bbox 1698 1923 1812 2022; x_wconf 87' lang='lat' dir='ltr'><strong>patris</strong></span> 
     </span>
     <span class='ocr_line' id='line_1_14' title="bbox 175 2027 1809 2150; baseline -0.008 -21"><span class='ocrx_word' id='word_1_123' title='bbox 175 2073 364 2128; x_wconf 84' lang='lat' dir='ltr'><strong>successor</strong></span> <span class='ocrx_word' id='word_1_124' title='bbox 390 2062 456 2121; x_wconf 84' lang='lat' dir='ltr'><strong>est.</strong></span> <span class='ocrx_word' id='word_1_125' title='bbox 505 2041 667 2117; x_wconf 87' lang='lat' dir='ltr'><strong>Nomine</strong></span> <span class='ocrx_word' id='word_1_126' title='bbox 692 2027 860 2120; x_wconf 58' lang='lat' dir='ltr'><strong>duecte</strong></span> <span class='ocrx_word' id='word_1_127' title='bbox 884 2044 962 2116; x_wconf 90' lang='lat' dir='ltr'><strong>sine</strong></span> <span class='ocrx_word' id='word_1_128' title='bbox 988 2038 1143 2114; x_wconf 78' lang='lat' dir='ltr'><strong>articrrlo</strong></span> <span class='ocrx_word' id='word_1_129' title='bbox 1169 2065 1295 2141; x_wconf 82' lang='lat' dir='ltr'><strong>regem</strong></span> <span class='ocrx_word' id='word_1_130' title='bbox 1317 2039 1510 2150; x_wconf 58' lang='lat' dir='ltr'><strong>lJcrsarum</strong></span> <span class='ocrx_word' id='word_1_131' title='bbox 1537 2041 1715 2144; x_wconf 87' lang='lat' dir='ltr'><strong>appellari</strong></span> <span class='ocrx_word' id='word_1_132' title='bbox 1742 2069 1809 2117; x_wconf 91' lang='lat' dir='ltr'><strong>no·</strong></span> 
     </span>
     <span class='ocr_line' id='line_1_15' title="bbox 174 2177 448 2251; baseline -0.04 0"><span class='ocrx_word' id='word_1_133' title='bbox 174 2177 354 2251; x_wconf 84' lang='lat' dir='ltr'><strong>tissimum</strong></span> <span class='ocrx_word' id='word_1_134' title='bbox 381 2183 448 2244; x_wconf 85' lang='lat' dir='ltr'><strong>cst.</strong></span> 
     </span>
    </p>
   </div>
   <div class='ocr_carea' id='block_1_3' title="bbox 959 2398 1028 2486">
    <p class='ocr_par' dir='ltr' id='par_1_4' title="bbox 959 2398 1028 2486">
     <span class='ocr_line' id='line_1_16' title="bbox 959 2398 1028 2486; baseline 0 -1"><span class='ocrx_word' id='word_1_135' title='bbox 959 2398 1028 2486; x_wconf 83' lang='lat'><strong>61.</strong></span> 
     </span>
    </p>
   </div>
   <div class='ocr_carea' id='block_1_4' title="bbox 370 2557 1616 2646">
    <p class='ocr_par' dir='ltr' id='par_1_5' title="bbox 370 2557 1616 2646">
     <span class='ocr_line' id='line_1_17' title="bbox 370 2557 1616 2646; baseline -0.004 -18"><span class='ocrx_word' id='word_1_136' title='bbox 370 2567 405 2628; x_wconf 89' lang='lat' dir='ltr'><strong>ln</strong></span> <span class='ocrx_word' id='word_1_137' title='bbox 427 2565 514 2626; x_wconf 86' lang='lat' dir='ltr'><strong>Samo</strong></span> <span class='ocrx_word' id='word_1_138' title='bbox 536 2581 629 2646; x_wconf 83' lang='lat' dir='ltr'><strong>prope</strong></span> <span class='ocrx_word' id='word_1_139' title='bbox 649 2561 819 2623; x_wconf 82' lang='lat' dir='ltr'><strong>Imbrasum.</strong></span> <span class='ocrx_word' id='word_1_140' title='bbox 857 2560 916 2622; x_wconf 85' lang='lat' dir='ltr'><strong>Per</strong></span> <span class='ocrx_word' id='word_1_141' title='bbox 936 2559 1059 2622; x_wconf 84' lang='lat' dir='ltr'><strong>Rosium</strong></span> <span class='ocrx_word' id='word_1_142' title='bbox 1081 2557 1163 2620; x_wconf 88' lang='lat' dir='ltr'><strong>Guil.</strong></span> <span class='ocrx_word' id='word_1_143' title='bbox 1186 2557 1299 2622; x_wconf 85' lang='lat' dir='ltr'><strong>Gellius</strong></span> <span class='ocrx_word' id='word_1_144' title='bbox 1322 2558 1436 2622; x_wconf 82' lang='lat' dir='ltr'><strong>miserat</strong></span> <span class='ocrx_word' id='word_1_145' title='bbox 1457 2561 1616 2624; x_wconf 87' lang='lat' dir='ltr'><strong>Boeclbio.</strong></span> 
     </span>
    </p>
   </div>
   <div class='ocr_carea' id='block_1_5' title="bbox 432 2700 810 3266">
    <p class='ocr_par' dir='ltr' id='par_1_6' title="bbox 432 2700 810 3266">
     <span class='ocr_line' id='line_1_18' title="bbox 433 2700 703 2774; baseline -0.007 0"><span class='ocrx_word' id='word_1_146' title='bbox 433 2700 703 2774; x_wconf 77' lang='grc' dir='ltr'>ΟΡΟΣΤΕ</span> 
     </span>
     <span class='ocr_line' id='line_1_19' title="bbox 432 2823 803 2897; baseline -0.016 0"><span class='ocrx_word' id='word_1_147' title='bbox 432 2823 707 2897; x_wconf 77' lang='grc' dir='ltr'>ΜΕΝΕΟΣ</span> <span class='ocrx_word' id='word_1_148' title='bbox 797 2841 803 2853; x_wconf 83' lang='lat'><strong>·</strong></span> 
     </span>
     <span class='ocr_line' id='line_1_20' title="bbox 432 2945 711 3021; baseline -0.029 0"><span class='ocrx_word' id='word_1_149' title='bbox 432 2945 711 3021; x_wconf 74' lang='grc' dir='ltr'>ΑΘΗΝΑΕ</span> 
     </span>
     <span class='ocr_line' id='line_1_21' title="bbox 432 3065 712 3143; baseline -0.021 0"><span class='ocrx_word' id='word_1_150' title='bbox 432 3065 712 3143; x_wconf 86' lang='grc' dir='ltr'>ΑΘΗΝΩΝ</span> 
     </span>
     <span class='ocr_line' id='line_1_22' title="bbox 434 3189 810 3266; baseline -0.016 0"><span class='ocrx_word' id='word_1_151' title='bbox 434 3189 810 3266; x_wconf 74' lang='grc' dir='ltr'>ΜΕΔΕΟΣΗΣ</span> 
     </span>
    </p>
   </div>
   <div class='ocr_carea' id='block_1_6' title="bbox 175 3333 1814 3814">
    <p class='ocr_par' dir='ltr' id='par_1_7' title="bbox 175 3333 1814 3814">
     <span class='ocr_line' id='line_1_23' title="bbox 330 3333 1814 3430; baseline -0.001 -11"><span class='ocrx_word' id='word_1_152' title='bbox 330 3345 411 3420; x_wconf 85' lang='lat' dir='ltr'><strong>Etsi</strong></span> <span class='ocrx_word' id='word_1_153' title='bbox 442 3343 592 3418; x_wconf 89' lang='lat' dir='ltr'><strong>Ionicae</strong></span> <span class='ocrx_word' id='word_1_154' title='bbox 624 3339 766 3414; x_wconf 83' lang='lat' dir='ltr'><strong>formae</strong></span> <span class='ocrx_word' id='word_1_155' title='bbox 796 3341 935 3430; x_wconf 86' lang='lat' dir='ltr'><strong>insunt,</strong></span> <span class='ocrx_word' id='word_1_156' title='bbox 971 3353 1094 3412; x_wconf 87' lang='lat' dir='ltr'><strong>tamen</strong></span> <span class='ocrx_word' id='word_1_157' title='bbox 1125 3339 1171 3412; x_wconf 91' lang='lat' dir='ltr'><strong>ab</strong></span> <span class='ocrx_word' id='word_1_158' title='bbox 1198 3333 1484 3414; x_wconf 85' lang='lat' dir='ltr'><strong>Atheniensibus</strong></span> <span class='ocrx_word' id='word_1_159' title='bbox 1515 3337 1655 3416; x_wconf 88' lang='lat' dir='ltr'><strong>dicatus</strong></span> <span class='ocrx_word' id='word_1_160' title='bbox 1682 3341 1814 3418; x_wconf 66' lang='lat' dir='ltr'><strong>‘titulus</strong></span> 
     </span>
     <span class='ocr_line' id='line_1_24' title="bbox 175 3459 1814 3570; baseline -0.006 -22"><span class='ocrx_word' id='word_1_161' title='bbox 175 3469 337 3564; x_wconf 78' lang='lat' dir='ltr'><strong>ridetur,</strong></span> <span class='ocrx_word' id='word_1_162' title='bbox 367 3494 443 3570; x_wconf 90' lang='lat' dir='ltr'><strong>quo</strong></span> <span class='ocrx_word' id='word_1_163' title='bbox 466 3483 634 3568; x_wconf 89' lang='lat' dir='ltr'><strong>tempore</strong></span> <span class='ocrx_word' id='word_1_164' title='bbox 656 3462 850 3538; x_wconf 90' lang='lat' dir='ltr'><strong>cleruchos</strong></span> <span class='ocrx_word' id='word_1_165' title='bbox 867 3461 1099 3536; x_wconf 84' lang='lat' dir='ltr'><strong>collocarunt</strong></span> <span class='ocrx_word' id='word_1_166' title='bbox 1115 3465 1152 3534; x_wconf 93' lang='lat' dir='ltr'><strong>in</strong></span> <span class='ocrx_word' id='word_1_167' title='bbox 1169 3460 1294 3550; x_wconf 87' lang='lat' dir='ltr'><strong>Samo,</strong></span> <span class='ocrx_word' id='word_1_168' title='bbox 1326 3459 1491 3550; x_wconf 84' lang='lat' dir='ltr'><strong>Ol.107‚</strong></span> <span class='ocrx_word' id='word_1_169' title='bbox 1509 3473 1540 3533; x_wconf 86' lang='lat' dir='ltr'><strong>t.</strong></span> <span class='ocrx_word' id='word_1_170' title='bbox 1570 3466 1622 3558; x_wconf 86' lang='lat' dir='ltr'><strong>(v.</strong></span> <span class='ocrx_word' id='word_1_171' title='bbox 1643 3461 1814 3538; x_wconf 85' lang='lat' dir='ltr'><strong>Panolka</strong></span> 
     </span>
     <span class='ocr_line' id='line_1_25' title="bbox 177 3581 1814 3697; baseline -0.009 -24"><span class='ocrx_word' id='word_1_172' title='bbox 177 3596 281 3674; x_wconf 88' lang='lat' dir='ltr'><strong>Sam.</strong></span> <span class='ocrx_word' id='word_1_173' title='bbox 300 3620 341 3697; x_wconf 91' lang='lat' dir='ltr'><strong>p.</strong></span> <span class='ocrx_word' id='word_1_174' title='bbox 355 3593 450 3689; x_wconf 69' lang='lat' dir='ltr'><strong>tt).</strong></span> <span class='ocrx_word' id='word_1_175' title='bbox 492 3589 608 3662; x_wconf 87' lang='lat' dir='ltr'><strong>Moris</strong></span> <span class='ocrx_word' id='word_1_176' title='bbox 636 3590 735 3660; x_wconf 88' lang='lat' dir='ltr'><strong>enim</strong></span> <span class='ocrx_word' id='word_1_177' title='bbox 760 3585 843 3678; x_wconf 85' lang='lat' dir='ltr'><strong>suit,</strong></span> <span class='ocrx_word' id='word_1_178' title='bbox 874 3613 989 3687; x_wconf 90' lang='lat' dir='ltr'><strong>quum</strong></span> <span class='ocrx_word' id='word_1_179' title='bbox 1015 3581 1194 3658; x_wconf 90' lang='lat' dir='ltr'><strong>cleruchis</strong></span> <span class='ocrx_word' id='word_1_180' title='bbox 1221 3599 1315 3656; x_wconf 89' lang='lat' dir='ltr'><strong>terra</strong></span> <span class='ocrx_word' id='word_1_181' title='bbox 1344 3581 1642 3677; x_wconf 86' lang='lat' dir='ltr'><strong>distribuebatur,</strong></span> <span class='ocrx_word' id='word_1_182' title='bbox 1672 3601 1814 3688; x_wconf 86' lang='lat' dir='ltr'><strong>partem</strong></span> 
     </span>
     <span class='ocr_line' id='line_1_26' title="bbox 178 3704 1812 3814; baseline -0.01 -18"><span class='ocrx_word' id='word_1_183' title='bbox 178 3719 251 3796; x_wconf 91' lang='lat' dir='ltr'><strong>diis</strong></span> <span class='ocrx_word' id='word_1_184' title='bbox 268 3717 430 3793; x_wconf 85' lang='lat' dir='ltr'><strong>tribuere</strong></span> <span class='ocrx_word' id='word_1_185' title='bbox 448 3707 635 3814; x_wconf 83' lang='lat' dir='ltr'><strong>(Thucyd.</strong></span> <span class='ocrx_word' id='word_1_186' title='bbox 651 3709 721 3802; x_wconf 89' lang='grc' dir='ltr'><strong>ΙΠ,</strong></span> <span class='ocrx_word' id='word_1_187' title='bbox 735 3713 796 3783; x_wconf 82' lang='grc'><strong>60.</strong></span> <span class='ocrx_word' id='word_1_188' title='bbox 827 3706 873 3782; x_wconf 92' lang='lat' dir='ltr'><strong>C.</strong></span> <span class='ocrx_word' id='word_1_189' title='bbox 890 3707 922 3781; x_wconf 93' lang='lat' dir='ltr'><strong>I.</strong></span> <span class='ocrx_word' id='word_1_190' title='bbox 939 3736 977 3782; x_wconf 90' lang='lat' dir='ltr'><strong>n.</strong></span> <span class='ocrx_word' id='word_1_191' title='bbox 989 3711 1062 3782; x_wconf 81' lang='lat'><strong>526</strong></span> <span class='ocrx_word' id='word_1_192' title='bbox 1077 3709 1180 3808; x_wconf 90' lang='lat' dir='ltr'><strong>sqq.)</strong></span> <span class='ocrx_word' id='word_1_193' title='bbox 1208 3704 1382 3780; x_wconf 86' lang='lat' dir='ltr'><strong>Ceterum</strong></span> <span class='ocrx_word' id='word_1_194' title='bbox 1399 3706 1526 3781; x_wconf 89' lang='lat' dir='ltr'><strong>titulus</strong></span> <span class='ocrx_word' id='word_1_195' title='bbox 1545 3711 1686 3782; x_wconf 89' lang='lat' dir='ltr'><strong>metrici</strong></span> <span class='ocrx_word' id='word_1_196' title='bbox 1705 3707 1812 3809; x_wconf 89' lang='lat' dir='ltr'><strong>quid·</strong></span> 
     </span>
    </p>
   </div>
   <div class='ocr_carea' id='block_1_7' title="bbox 176 3839 416 3919">
    <p class='ocr_par' dir='ltr' id='par_1_8' title="bbox 176 3839 416 3919">
     <span class='ocr_line' id='line_1_27' title="bbox 176 3839 416 3919; baseline -0.033 0"><span class='ocrx_word' id='word_1_197' title='bbox 176 3843 265 3919; x_wconf 89' lang='lat' dir='ltr'><strong>dam</strong></span> <span class='ocrx_word' id='word_1_198' title='bbox 289 3839 416 3916; x_wconf 89' lang='lat' dir='ltr'><strong>habet.</strong></span> 
     </span>
    </p>
   </div>
   <div class='ocr_carea' id='block_1_8' title="bbox 908 4046 1032 4178">
    <p class='ocr_par' dir='ltr' id='par_1_9' title="bbox 908 4046 1032 4178">
     <span class='ocr_line' id='line_1_28' title="bbox 908 4046 1032 4178; baseline -0.024 1"><span class='ocrx_word' id='word_1_199' title='bbox 908 4046 911 4060; x_wconf 79' lang='grc'><strong>’</strong></span> <span class='ocrx_word' id='word_1_200' title='bbox 966 4090 1032 4178; x_wconf 81' lang='lat'><strong>62.</strong></span> 
     </span>
    </p>
   </div>
   <div class='ocr_carea' id='block_1_9' title="bbox 172 4249 1815 4434">
    <p class='ocr_par' dir='ltr' id='par_1_10' title="bbox 172 4249 1815 4434">
     <span class='ocr_line' id='line_1_29' title="bbox 172 4249 1815 4338; baseline -0.006 -12"><span class='ocrx_word' id='word_1_201' title='bbox 172 4260 322 4330; x_wconf 77' lang='lat' dir='ltr'><strong>Acharnis</strong></span> <span class='ocrx_word' id='word_1_202' title='bbox 343 4258 420 4320; x_wconf 87' lang='lat' dir='ltr'><strong>inter</strong></span> <span class='ocrx_word' id='word_1_203' title='bbox 441 4267 540 4318; x_wconf 80' lang='lat' dir='ltr'><strong>vetera</strong></span> <span class='ocrx_word' id='word_1_204' title='bbox 560 4251 691 4338; x_wconf 77' lang='lat' dir='ltr'><strong>sepulcra</strong></span> <span class='ocrx_word' id='word_1_205' title='bbox 712 4273 747 4314; x_wconf 81' lang='lat' dir='ltr'><strong>ex</strong></span> <span class='ocrx_word' id='word_1_206' title='bbox 767 4251 879 4314; x_wconf 82' lang='lat' dir='ltr'><strong>schedis</strong></span> <span class='ocrx_word' id='word_1_207' title='bbox 899 4251 1079 4334; x_wconf 79' lang='lat' dir='ltr'><strong>blustoxydis</strong></span> <span class='ocrx_word' id='word_1_208' title='bbox 1100 4252 1178 4314; x_wconf 81' lang='lat' dir='ltr'><strong>misit</strong></span> <span class='ocrx_word' id='word_1_209' title='bbox 1198 4250 1339 4316; x_wconf 84' lang='lat' dir='ltr'><strong>Niebuhr.</strong></span> <span class='ocrx_word' id='word_1_210' title='bbox 1381 4250 1481 4313; x_wconf 84' lang='lat' dir='ltr'><strong>Edidit</strong></span> <span class='ocrx_word' id='word_1_211' title='bbox 1495 4249 1622 4313; x_wconf 80' lang='lat' dir='ltr'><strong>boccih.</strong></span> <span class='ocrx_word' id='word_1_212' title='bbox 1639 4252 1667 4313; x_wconf 88' lang='lat' dir='ltr'><strong>io</strong></span> <span class='ocrx_word' id='word_1_213' title='bbox 1683 4273 1815 4334; x_wconf 86' lang='lat' dir='ltr'><strong>prooem.</strong></span> 
     </span>
     <span class='ocr_line' id='line_1_30' title="bbox 305 4350 1556 4434; baseline -0.006 -14"><span class='ocrx_word' id='word_1_214' title='bbox 305 4358 371 4422; x_wconf 86' lang='lat' dir='ltr'><strong>lect.</strong></span> <span class='ocrx_word' id='word_1_215' title='bbox 393 4357 482 4420; x_wconf 76' lang='lat' dir='ltr'><strong>Unir.</strong></span> <span class='ocrx_word' id='word_1_216' title='bbox 502 4353 602 4420; x_wconf 82' lang='lat' dir='ltr'><strong>Beroi</strong></span> <span class='ocrx_word' id='word_1_217' title='bbox 623 4367 691 4416; x_wconf 86' lang='lat' dir='ltr'><strong>aest</strong></span> <span class='ocrx_word' id='word_1_218' title='bbox 715 4353 804 4416; x_wconf 83' lang='grc'><strong>1821.</strong></span> <span class='ocrx_word' id='word_1_219' title='bbox 826 4351 863 4413; x_wconf 82' lang='lat' dir='ltr'><strong>ci.</strong></span> <span class='ocrx_word' id='word_1_220' title='bbox 886 4352 979 4414; x_wconf 85' lang='lat' dir='ltr'><strong>bleier</strong></span> <span class='ocrx_word' id='word_1_221' title='bbox 999 4365 1028 4418; x_wconf 89' lang='lat' dir='ltr'><strong>et</strong></span> <span class='ocrx_word' id='word_1_222' title='bbox 1050 4351 1185 4414; x_wconf 83' lang='lat' dir='ltr'><strong>Schoem.</strong></span> <span class='ocrx_word' id='word_1_223' title='bbox 1207 4352 1242 4416; x_wconf 89' lang='lat' dir='ltr'><strong>de</strong></span> <span class='ocrx_word' id='word_1_224' title='bbox 1264 4371 1344 4434; x_wconf 87' lang='lat' dir='ltr'><strong>proc.</strong></span> <span class='ocrx_word' id='word_1_225' title='bbox 1366 4351 1427 4412; x_wconf 77' lang='lat' dir='ltr'><strong>tu</strong></span> <span class='ocrx_word' id='word_1_226' title='bbox 1449 4350 1556 4434; x_wconf 65' lang='lat' dir='ltr'><strong>poco.</strong></span> 
     </span>
    </p>
   </div>
   <div class='ocr_carea' id='block_1_10' title="bbox 267 4489 1822 5074">
    <p class='ocr_par' dir='ltr' id='par_1_11' title="bbox 267 4489 1822 5074">
     <span class='ocr_line' id='line_1_31' title="bbox 287 4489 764 4570; baseline -0.017 0"><span class='ocrx_word' id='word_1_227' title='bbox 287 4489 764 4570; x_wconf 86' lang='grc' dir='ltr'>ΕΠΙΘΕΟΦΡΑΣΤΟΥ</span> 
     </span>
     <span class='ocr_line' id='line_1_32' title="bbox 286 4579 1815 4698; baseline -0.009 -28"><span class='ocrx_word' id='word_1_228' title='bbox 286 4596 438 4671; x_wconf 72' lang='lat' dir='ltr'><strong>texo</strong></span> <span class='ocrx_word' id='word_1_229' title='bbox 455 4597 485 4667; x_wconf 93' lang='grc' dir='ltr'>Ν</span> <span class='ocrx_word' id='word_1_230' title='bbox 500 4595 537 4664; x_wconf 93' lang='grc' dir='ltr'>Τ</span> <span class='ocrx_word' id='word_1_231' title='bbox 552 4593 630 4667; x_wconf 86' lang='grc' dir='ltr'><strong>ΟΣ</strong></span> <span class='ocrx_word' id='word_1_232' title='bbox 644 4589 709 4692; x_wconf 91' lang='lat' dir='ltr'><strong>[O]</strong></span> <span class='ocrx_word' id='word_1_233' title='bbox 727 4595 751 4664; x_wconf 90' lang='grc' dir='ltr'>Ρ</span> <span class='ocrx_word' id='word_1_234' title='bbox 760 4590 838 4664; x_wconf 89' lang='grc' dir='ltr'><strong>ΟΣ</strong></span> <span class='ocrx_word' id='word_1_235' title='bbox 948 4587 951 4595; x_wconf 17' lang='grc' dir='ltr'>Α</span> <span class='ocrx_word' id='word_1_236' title='bbox 1045 4585 1123 4663; x_wconf 77' lang='lat' dir='ltr'><strong>’Eri</strong></span> <span class='ocrx_word' id='word_1_237' title='bbox 1152 4579 1369 4698; x_wconf 69' lang='grc' dir='ltr'>Θεοφράστου</span> <span class='ocrx_word' id='word_1_238' title='bbox 1401 4581 1562 4696; x_wconf 70' lang='grc' dir='ltr'>ἄρχοντος</span> <span class='ocrx_word' id='word_1_239' title='bbox 1588 4581 1664 4696; x_wconf 69' lang='grc' dir='ltr'>,ὅρος</span> <span class='ocrx_word' id='word_1_240' title='bbox 1693 4582 1815 4694; x_wconf 71' lang='grc' dir='ltr'>χωρίου</span> 
     </span>
     <span class='ocr_line' id='line_1_33' title="bbox 348 4691 1822 4818; baseline -0.01 -24"><span class='ocrx_word' id='word_1_241' title='bbox 348 4695 432 4771; x_wconf 74' lang='grc' dir='ltr'><strong>ΧΩ</strong></span> <span class='ocrx_word' id='word_1_242' title='bbox 453 4698 482 4796; x_wconf 75' lang='grc' dir='ltr'><strong>Ρ,</strong></span> <span class='ocrx_word' id='word_1_243' title='bbox 499 4696 509 4766; x_wconf 74' lang='grc' dir='ltr'>Ι</span> <span class='ocrx_word' id='word_1_244' title='bbox 529 4695 565 4768; x_wconf 84' lang='lat'>0</span> <span class='ocrx_word' id='word_1_245' title='bbox 587 4696 618 4765; x_wconf 78' lang='grc' dir='ltr'>Υ</span> <span class='ocrx_word' id='word_1_246' title='bbox 650 4695 688 4768; x_wconf 77' lang='grc' dir='ltr'>Τ</span> <span class='ocrx_word' id='word_1_247' title='bbox 717 4695 727 4765; x_wconf 74' lang='grc' dir='ltr'>Ι</span> <span class='ocrx_word' id='word_1_248' title='bbox 756 4696 789 4764; x_wconf 83' lang='grc' dir='ltr'><strong><em>Μ</em></strong></span> <span class='ocrx_word' id='word_1_249' title='bbox 808 4691 890 4765; x_wconf 72' lang='grc' dir='ltr'><strong>ΗΣ</strong></span> <span class='ocrx_word' id='word_1_250' title='bbox 1054 4714 1145 4804; x_wconf 74' lang='grc' dir='ltr'>τομῆς</span> <span class='ocrx_word' id='word_1_251' title='bbox 1168 4708 1405 4813; x_wconf 74' lang='grc' dir='ltr'><strong>ἔνοφεολομὲνηο</strong></span> <span class='ocrx_word' id='word_1_252' title='bbox 1427 4703 1647 4818; x_wconf 74' lang='grc' dir='ltr'>Φανοστράτῳ</span> <span class='ocrx_word' id='word_1_253' title='bbox 1674 4713 1822 4783; x_wconf 79' lang='grc' dir='ltr'><strong>Παιανιεῖ</strong></span> 
     </span>
     <span class='ocr_line' id='line_1_34' title="bbox 267 4794 1107 4916; baseline -0.008 -45"><span class='ocrx_word' id='word_1_254' title='bbox 267 4831 274 4838; x_wconf 95' lang='grc'><strong><em>·</em></strong></span> <span class='ocrx_word' id='word_1_255' title='bbox 389 4794 867 4870; x_wconf 83' lang='grc' dir='ltr'>ΕΝΟΦΕΙΛΟΜΕΝ</span> <span class='ocrx_word' id='word_1_256' title='bbox 1054 4849 1107 4916; x_wconf 65' lang='lat' dir='ltr'><strong>XX</strong></span> 
     </span>
     <span class='ocr_line' id='line_1_35' title="bbox 389 4891 1116 4970; baseline -0.007 0"><span class='ocrx_word' id='word_1_257' title='bbox 389 4895 919 4970; x_wconf 83' lang='grc' dir='ltr'>ΗΣΦΑΝΟΣΤΡΑΤΩΙ</span> <span class='ocrx_word' id='word_1_258' title='bbox 1109 4891 1116 4910; x_wconf 87' lang='grc'><strong>“</strong></span> 
     </span>
     <span class='ocr_line' id='line_1_36' title="bbox 389 4994 895 5074; baseline -0.014 0"><span class='ocrx_word' id='word_1_259' title='bbox 389 4999 422 5074; x_wconf 83' lang='lat' dir='ltr'><strong>l&#39;l</strong></span> <span class='ocrx_word' id='word_1_260' title='bbox 449 4994 481 5073; x_wconf 87' lang='grc' dir='ltr'>Α</span> <span class='ocrx_word' id='word_1_261' title='bbox 510 5000 520 5070; x_wconf 94' lang='grc' dir='ltr'>Ι</span> <span class='ocrx_word' id='word_1_262' title='bbox 547 4998 578 5069; x_wconf 90' lang='grc' dir='ltr'>Α</span> <span class='ocrx_word' id='word_1_263' title='bbox 605 4997 638 5070; x_wconf 90' lang='grc' dir='ltr'><strong>Ν</strong></span> <span class='ocrx_word' id='word_1_264' title='bbox 664 4999 695 5070; x_wconf 92' lang='grc' dir='ltr'>Χ</span> <span class='ocrx_word' id='word_1_265' title='bbox 720 4999 766 5070; x_wconf 90' lang='grc' dir='ltr'><strong>Χ·</strong></span> <span class='ocrx_word' id='word_1_266' title='bbox 891 5054 895 5066; x_wconf 85' lang='grc'>.</span> 
     </span>
    </p>
   </div>
   <div class='ocr_carea' id='block_1_11' title="bbox 0 0 2252 5904">
    <p class='ocr_par' dir='ltr' id='par_1_12' title="bbox 0 0 2252 5904">
     <span class='ocr_line' id='line_1_37' title="bbox 0 0 2252 5904; baseline 0 0"><span class='ocrx_word' id='word_1_267' title='bbox 0 0 2252 5904; x_wconf 95' lang='lat' dir='ltr'><strong> </strong></span> 
     </span>
    </p>
   </div>
  </div>
 </body>
</html>
